[{"e":"trade","E":1756905439106,"s":"ETHUSDT","t":2813414897,"p":"4384.07000000","q":"1.65490000","T":1756905439106,"m":false,"M":true},{"e":"trade","E":1756905439106,"s":"ETHUSDT","t":2813414898,"p":"4384.07000000","q":"0.00120000","T":1756905439106,"m":false,"M":true},{"e":"trade","E":1756905439106,"s":"ETHUSDT","t":2813414899,"p":"4384.07000000","q":"0.11410000","T":1756905439106,"m":false,"M":true},{"e":"trade","E":1756905439106,"s":"ETHUSDT","t":2813414900,"p":"4384.07000000","q":"0.04570000","T":1756905439106,"m":false,"M":true},{"e":"trade","E":1756905439106,"s":"ETHUSDT","t":2813414901,"p":"4384.07000000","q":"0.00120000","T":1756905439106,"m":false,"M":true},{"e":"trade","E":1756905439106,"s":"ETHUSDT","t":2813414902,"p":"4384.07000000","q":"0.00120000","T":1756905439106,"m":false,"M":true},{"e":"trade","E":1756905439106,"s":"ETHUSDT","t":2813414903,"p":"4384.07000000","q":"0.00120000","T":1756905439106,"m":false,"M":true},{"e":"trade","E":1756905439106,"s":"ETHUSDT","t":2813414904,"p":"4384.07000000","q":"0.00120000","T":1756905439106,"m":false,"M":true},{"e":"trade","E":1756905439106,"s":"ETHUSDT","t":2813414905,"p":"4384.07000000","q":"0.00120000","T":1756905439106,"m":false,"M":true},{"e":"trade","E":1756905439106,"s":"ETHUSDT","t":2813414906,"p":"4384.07000000","q":"0.00120000","T":1756905439106,"m":false,"M":true},{"e":"trade","E":1756905439106,"s":"ETHUSDT","t":2813414907,"p":"4384.07000000","q":"0.00120000","T":1756905439106,"m":false,"M":true},{"e":"trade","E":1756905439106,"s":"ETHUSDT","t":2813414908,"p":"4384.07000000","q":"0.00120000","T":1756905439106,"m":false,"M":true},{"e":"trade","E":1756905439106,"s":"ETHUSDT","t":2813414909,"p":"4384.07000000","q":"0.00120000","T":1756905439106,"m":false,"M":true},{"e":"trade","E":1756905439106,"s":"ETHUSDT","t":2813414910,"p":"4384.07000000","q":"0.00120000","T":1756905439106,"m":false,"M":true},{"e":"trade","E":1756905439106,"s":"ETHUSDT","t":2813414911,"p":"4384.07000000","q":"0.00120000","T":1756905439106,"m":false,"M":true},{"e":"trade","E":1756905439106,"s":"ETHUSDT","t":2813414912,"p":"4384.07000000","q":"0.00120000","T":1756905439106,"m":false,"M":true},{"e":"trade","E":1756905439106,"s":"ETHUSDT","t":2813414913,"p":"4384.07000000","q":"0.00120000","T":1756905439106,"m":false,"M":true},{"e":"trade","E":1756905439106,"s":"ETHUSDT","t":2813414914,"p":"4384.07000000","q":"0.00120000","T":1756905439106,"m":false,"M":true},{"e":"trade","E":1756905439106,"s":"ETHUSDT","t":2813414915,"p":"4384.07000000","q":"0.00120000","T":1756905439106,"m":false,"M":true},{"e":"trade","E":1756905439106,"s":"ETHUSDT","t":2813414916,"p":"4384.07000000","q":"0.00120000","T":1756905439106,"m":false,"M":true},{"e":"trade","E":1756905439106,"s":"ETHUSDT","t":2813414917,"p":"4384.07000000","q":"0.00120000","T":1756905439106,"m":false,"M":true},{"e":"trade","E":1756905439106,"s":"ETHUSDT","t":2813414918,"p":"4384.07000000","q":"0.00120000","T":1756905439106,"m":false,"M":true},{"e":"trade","E":1756905439106,"s":"ETHUSDT","t":2813414919,"p":"4384.07000000","q":"0.00120000","T":1756905439106,"m":false,"M":true},{"e":"trade","E":1756905439106,"s":"ETHUSDT","t":2813414920,"p":"4384.07000000","q":"0.00120000","T":1756905439106,"m":false,"M":true},{"e":"trade","E":1756905439106,"s":"ETHUSDT","t":2813414921,"p":"4384.07000000","q":"0.04000000","T":1756905439106,"m":false,"M":true},{"e":"trade","E":1756905439106,"s":"ETHUSDT","t":2813414922,"p":"4384.07000000","q":"1.87720000","T":1756905439106,"m":false,"M":true},{"e":"trade","E":1756905439106,"s":"ETHUSDT","t":2813414923,"p":"4384.07000000","q":"0.00130000","T":1756905439106,"m":false,"M":true},{"e":"trade","E":1756905439106,"s":"ETHUSDT","t":2813414924,"p":"4384.07000000","q":"0.44150000","T":1756905439106,"m":false,"M":true},{"e":"trade","E":1756905439106,"s":"ETHUSDT","t":2813414925,"p":"4384.07000000","q":"0.00120000","T":1756905439106,"m":false,"M":true},{"e":"trade","E":1756905439106,"s":"ETHUSDT","t":2813414926,"p":"4384.07000000","q":"0.00120000","T":1756905439106,"m":false,"M":true},{"e":"trade","E":1756905439106,"s":"ETHUSDT","t":2813414927,"p":"4384.07000000","q":"0.00120000","T":1756905439106,"m":false,"M":true},{"e":"trade","E":1756905439106,"s":"ETHUSDT","t":2813414928,"p":"4384.07000000","q":"0.00120000","T":1756905439106,"m":false,"M":true},{"e":"trade","E":1756905439106,"s":"ETHUSDT","t":2813414929,"p":"4384.08000000","q":"0.00120000","T":1756905439106,"m":false,"M":true},{"e":"trade","E":1756905439106,"s":"ETHUSDT","t":2813414930,"p":"4384.08000000","q":"0.00120000","T":1756905439106,"m":false,"M":true},{"e":"trade","E":1756905439106,"s":"ETHUSDT","t":2813414931,"p":"4384.08000000","q":"0.00120000","T":1756905439106,"m":false,"M":true},{"e":"trade","E":1756905439106,"s":"ETHUSDT","t":2813414932,"p":"4384.08000000","q":"0.00120000","T":1756905439106,"m":false,"M":true},{"e":"trade","E":1756905439106,"s":"ETHUSDT","t":2813414933,"p":"4384.08000000","q":"0.00120000","T":1756905439106,"m":false,"M":true},{"e":"trade","E":1756905439106,"s":"ETHUSDT","t":2813414934,"p":"4384.08000000","q":"0.00120000","T":1756905439106,"m":false,"M":true},{"e":"trade","E":1756905439106,"s":"ETHUSDT","t":2813414935,"p":"4384.08000000","q":"0.00120000","T":1756905439106,"m":false,"M":true},{"e":"trade","E":1756905439106,"s":"ETHUSDT","t":2813414936,"p":"4384.08000000","q":"0.00120000","T":1756905439106,"m":false,"M":true},{"e":"trade","E":1756905439106,"s":"ETHUSDT","t":2813414937,"p":"4384.08000000","q":"0.00120000","T":1756905439106,"m":false,"M":true},{"e":"trade","E":1756905439106,"s":"ETHUSDT","t":2813414938,"p":"4384.08000000","q":"0.00120000","T":1756905439106,"m":false,"M":true},{"e":"trade","E":1756905439106,"s":"ETHUSDT","t":2813414939,"p":"4384.08000000","q":"0.00120000","T":1756905439106,"m":false,"M":true},{"e":"trade","E":1756905439106,"s":"ETHUSDT","t":2813414940,"p":"4384.08000000","q":"0.00130000","T":1756905439106,"m":false,"M":true},{"e":"trade","E":1756905439106,"s":"ETHUSDT","t":2813414941,"p":"4384.09000000","q":"0.00190000","T":1756905439106,"m":false,"M":true},{"e":"trade","E":1756905439106,"s":"ETHUSDT","t":2813414942,"p":"4384.09000000","q":"0.00130000","T":1756905439106,"m":false,"M":true},{"e":"trade","E":1756905439106,"s":"ETHUSDT","t":2813414943,"p":"4384.10000000","q":"0.01830000","T":1756905439106,"m":false,"M":true},{"e":"trade","E":1756905439106,"s":"ETHUSDT","t":2813414944,"p":"4384.10000000","q":"0.00380000","T":1756905439106,"m":false,"M":true},{"e":"trade","E":1756905439106,"s":"ETHUSDT","t":2813414945,"p":"4384.10000000","q":"0.03430000","T":1756905439106,"m":false,"M":true},{"e":"trade","E":1756905439106,"s":"ETHUSDT","t":2813414946,"p":"4384.10000000","q":"0.00130000","T":1756905439106,"m":false,"M":true},{"e":"trade","E":1756905439106,"s":"ETHUSDT","t":2813414947,"p":"4384.11000000","q":"0.00120000","T":1756905439106,"m":false,"M":true},{"e":"trade","E":1756905439106,"s":"ETHUSDT","t":2813414948,"p":"4384.11000000","q":"0.00130000","T":1756905439106,"m":false,"M":true},{"e":"trade","E":1756905439106,"s":"ETHUSDT","t":2813414949,"p":"4384.11000000","q":"0.00120000","T":1756905439106,"m":false,"M":true},{"e":"trade","E":1756905439106,"s":"ETHUSDT","t":2813414950,"p":"4384.11000000","q":"0.00120000","T":1756905439106,"m":false,"M":true},{"e":"trade","E":1756905439106,"s":"ETHUSDT","t":2813414951,"p":"4384.11000000","q":"0.00120000","T":1756905439106,"m":false,"M":true},{"e":"trade","E":1756905439106,"s":"ETHUSDT","t":2813414952,"p":"4384.12000000","q":"0.11410000","T":1756905439106,"m":false,"M":true},{"e":"trade","E":1756905439106,"s":"ETHUSDT","t":2813414953,"p":"4384.12000000","q":"0.00130000","T":1756905439106,"m":false,"M":true},{"e":"trade","E":1756905439106,"s":"ETHUSDT","t":2813414954,"p":"4384.12000000","q":"0.00120000","T":1756905439106,"m":false,"M":true},{"e":"trade","E":1756905439106,"s":"ETHUSDT","t":2813414955,"p":"4384.12000000","q":"0.00120000","T":1756905439106,"m":false,"M":true},{"e":"trade","E":1756905439106,"s":"ETHUSDT","t":2813414956,"p":"4384.13000000","q":"0.00360000","T":1756905439106,"m":false,"M":true},{"e":"trade","E":1756905439106,"s":"ETHUSDT","t":2813414957,"p":"4384.13000000","q":"0.00120000","T":1756905439106,"m":false,"M":true},{"e":"trade","E":1756905439106,"s":"ETHUSDT","t":2813414958,"p":"4384.13000000","q":"0.00120000","T":1756905439106,"m":false,"M":true},{"e":"trade","E":1756905439106,"s":"ETHUSDT","t":2813414959,"p":"4384.13000000","q":"0.00130000","T":1756905439106,"m":false,"M":true},{"e":"trade","E":1756905439106,"s":"ETHUSDT","t":2813414960,"p":"4384.13000000","q":"0.00120000","T":1756905439106,"m":false,"M":true},{"e":"trade","E":1756905439199,"s":"ETHUSDT","t":2813414961,"p":"4384.14000000","q":"0.04800000","T":1756905439198,"m":false,"M":true},{"e":"trade","E":1756905439199,"s":"ETHUSDT","t":2813414962,"p":"4384.14000000","q":"0.11410000","T":1756905439198,"m":false,"M":true},{"e":"trade","E":1756905439199,"s":"ETHUSDT","t":2813414963,"p":"4384.14000000","q":"0.00130000","T":1756905439198,"m":false,"M":true},{"e":"trade","E":1756905439199,"s":"ETHUSDT","t":2813414964,"p":"4384.14000000","q":"0.00120000","T":1756905439198,"m":false,"M":true},{"e":"trade","E":1756905439199,"s":"ETHUSDT","t":2813414965,"p":"4384.14000000","q":"0.00120000","T":1756905439198,"m":false,"M":true},{"e":"trade","E":1756905439199,"s":"ETHUSDT","t":2813414966,"p":"4384.14000000","q":"0.00120000","T":1756905439198,"m":false,"M":true},{"e":"trade","E":1756905439199,"s":"ETHUSDT","t":2813414967,"p":"4384.14000000","q":"0.00120000","T":1756905439198,"m":false,"M":true},{"e":"trade","E":1756905439199,"s":"ETHUSDT","t":2813414968,"p":"4384.14000000","q":"0.00120000","T":1756905439198,"m":false,"M":true},{"e":"trade","E":1756905439199,"s":"ETHUSDT","t":2813414969,"p":"4384.14000000","q":"0.00120000","T":1756905439198,"m":false,"M":true},{"e":"trade","E":1756905439199,"s":"ETHUSDT","t":2813414970,"p":"4384.14000000","q":"0.00120000","T":1756905439198,"m":false,"M":true},{"e":"trade","E":1756905439199,"s":"ETHUSDT","t":2813414971,"p":"4384.14000000","q":"0.00120000","T":1756905439198,"m":false,"M":true},{"e":"trade","E":1756905439199,"s":"ETHUSDT","t":2813414972,"p":"4384.14000000","q":"0.00120000","T":1756905439198,"m":false,"M":true},{"e":"trade","E":1756905439199,"s":"ETHUSDT","t":2813414973,"p":"4384.14000000","q":"0.00120000","T":1756905439198,"m":false,"M":true},{"e":"trade","E":1756905439199,"s":"ETHUSDT","t":2813414974,"p":"4384.14000000","q":"0.00120000","T":1756905439198,"m":false,"M":true},{"e":"trade","E":1756905439199,"s":"ETHUSDT","t":2813414975,"p":"4384.14000000","q":"0.00120000","T":1756905439198,"m":false,"M":true},{"e":"trade","E":1756905439199,"s":"ETHUSDT","t":2813414976,"p":"4384.14000000","q":"0.00120000","T":1756905439198,"m":false,"M":true},{"e":"trade","E":1756905439199,"s":"ETHUSDT","t":2813414977,"p":"4384.14000000","q":"0.00120000","T":1756905439198,"m":false,"M":true},{"e":"trade","E":1756905439199,"s":"ETHUSDT","t":2813414978,"p":"4384.14000000","q":"0.00120000","T":1756905439198,"m":false,"M":true},{"e":"trade","E":1756905439199,"s":"ETHUSDT","t":2813414979,"p":"4384.14000000","q":"0.00120000","T":1756905439198,"m":false,"M":true},{"e":"trade","E":1756905439199,"s":"ETHUSDT","t":2813414980,"p":"4384.14000000","q":"0.00120000","T":1756905439198,"m":false,"M":true},{"e":"trade","E":1756905439199,"s":"ETHUSDT","t":2813414981,"p":"4384.14000000","q":"0.00120000","T":1756905439198,"m":false,"M":true},{"e":"trade","E":1756905439199,"s":"ETHUSDT","t":2813414982,"p":"4384.14000000","q":"0.00120000","T":1756905439198,"m":false,"M":true},{"e":"trade","E":1756905439199,"s":"ETHUSDT","t":2813414983,"p":"4384.14000000","q":"0.00120000","T":1756905439198,"m":false,"M":true},{"e":"trade","E":1756905439199,"s":"ETHUSDT","t":2813414984,"p":"4384.14000000","q":"0.00120000","T":1756905439198,"m":false,"M":true},{"e":"trade","E":1756905439199,"s":"ETHUSDT","t":2813414985,"p":"4384.14000000","q":"0.00120000","T":1756905439198,"m":false,"M":true},{"e":"trade","E":1756905439199,"s":"ETHUSDT","t":2813414986,"p":"4384.14000000","q":"0.00120000","T":1756905439198,"m":false,"M":true},{"e":"trade","E":1756905439199,"s":"ETHUSDT","t":2813414987,"p":"4384.14000000","q":"0.00120000","T":1756905439198,"m":false,"M":true},{"e":"trade","E":1756905439199,"s":"ETHUSDT","t":2813414988,"p":"4384.15000000","q":"0.00120000","T":1756905439198,"m":false,"M":true},{"e":"trade","E":1756905439199,"s":"ETHUSDT","t":2813414989,"p":"4384.15000000","q":"0.00120000","T":1756905439198,"m":false,"M":true},{"e":"trade","E":1756905439199,"s":"ETHUSDT","t":2813414990,"p":"4384.15000000","q":"0.00130000","T":1756905439198,"m":false,"M":true},{"e":"trade","E":1756905439199,"s":"ETHUSDT","t":2813414991,"p":"4384.15000000","q":"0.00120000","T":1756905439198,"m":false,"M":true},{"e":"trade","E":1756905439199,"s":"ETHUSDT","t":2813414992,"p":"4384.15000000","q":"0.00120000","T":1756905439198,"m":false,"M":true},{"e":"trade","E":1756905439199,"s":"ETHUSDT","t":2813414993,"p":"4384.15000000","q":"0.00120000","T":1756905439198,"m":false,"M":true},{"e":"trade","E":1756905439199,"s":"ETHUSDT","t":2813414994,"p":"4384.15000000","q":"0.00120000","T":1756905439198,"m":false,"M":true},{"e":"trade","E":1756905439199,"s":"ETHUSDT","t":2813414995,"p":"4384.15000000","q":"0.00120000","T":1756905439198,"m":false,"M":true},{"e":"trade","E":1756905439199,"s":"ETHUSDT","t":2813414996,"p":"4384.15000000","q":"0.00120000","T":1756905439198,"m":false,"M":true},{"e":"trade","E":1756905439199,"s":"ETHUSDT","t":2813414997,"p":"4384.15000000","q":"0.00120000","T":1756905439198,"m":false,"M":true},{"e":"trade","E":1756905439199,"s":"ETHUSDT","t":2813414998,"p":"4384.15000000","q":"0.00120000","T":1756905439198,"m":false,"M":true},{"e":"trade","E":1756905439199,"s":"ETHUSDT","t":2813414999,"p":"4384.15000000","q":"0.00120000","T":1756905439198,"m":false,"M":true},{"e":"trade","E":1756905439199,"s":"ETHUSDT","t":2813415000,"p":"4384.15000000","q":"0.00120000","T":1756905439198,"m":false,"M":true},{"e":"trade","E":1756905439199,"s":"ETHUSDT","t":2813415001,"p":"4384.15000000","q":"0.00120000","T":1756905439198,"m":false,"M":true},{"e":"trade","E":1756905439199,"s":"ETHUSDT","t":2813415002,"p":"4384.16000000","q":"0.16820000","T":1756905439198,"m":false,"M":true},{"e":"trade","E":1756905439199,"s":"ETHUSDT","t":2813415003,"p":"4384.16000000","q":"0.00120000","T":1756905439198,"m":false,"M":true},{"e":"trade","E":1756905439199,"s":"ETHUSDT","t":2813415004,"p":"4384.16000000","q":"0.00120000","T":1756905439198,"m":false,"M":true},{"e":"trade","E":1756905439199,"s":"ETHUSDT","t":2813415005,"p":"4384.16000000","q":"0.00130000","T":1756905439198,"m":false,"M":true},{"e":"trade","E":1756905439199,"s":"ETHUSDT","t":2813415006,"p":"4384.16000000","q":"0.00120000","T":1756905439198,"m":false,"M":true},{"e":"trade","E":1756905439199,"s":"ETHUSDT","t":2813415007,"p":"4384.17000000","q":"0.02670000","T":1756905439198,"m":false,"M":true},{"e":"trade","E":1756905439199,"s":"ETHUSDT","t":2813415008,"p":"4384.17000000","q":"0.08730000","T":1756905439198,"m":false,"M":true},{"e":"trade","E":1756905439199,"s":"ETHUSDT","t":2813415009,"p":"4384.17000000","q":"0.00120000","T":1756905439198,"m":false,"M":true},{"e":"trade","E":1756905439199,"s":"ETHUSDT","t":2813415010,"p":"4384.17000000","q":"0.00120000","T":1756905439198,"m":false,"M":true},{"e":"trade","E":1756905439199,"s":"ETHUSDT","t":2813415011,"p":"4384.17000000","q":"0.00130000","T":1756905439198,"m":false,"M":true},{"e":"trade","E":1756905439199,"s":"ETHUSDT","t":2813415012,"p":"4384.17000000","q":"0.00120000","T":1756905439198,"m":false,"M":true},{"e":"trade","E":1756905439199,"s":"ETHUSDT","t":2813415013,"p":"4384.20000000","q":"0.00180000","T":1756905439198,"m":false,"M":true},{"e":"trade","E":1756905439199,"s":"ETHUSDT","t":2813415014,"p":"4384.20000000","q":"0.00130000","T":1756905439198,"m":false,"M":true},{"e":"trade","E":1756905439201,"s":"ETHUSDT","t":2813415015,"p":"4384.21000000","q":"0.00150000","T":1756905439200,"m":false,"M":true},{"e":"trade","E":1756905439201,"s":"ETHUSDT","t":2813415016,"p":"4384.21000000","q":"0.00120000","T":1756905439200,"m":false,"M":true},{"e":"trade","E":1756905439201,"s":"ETHUSDT","t":2813415017,"p":"4384.21000000","q":"0.02340000","T":1756905439200,"m":false,"M":true},{"e":"trade","E":1756905439201,"s":"ETHUSDT","t":2813415018,"p":"4384.21000000","q":"0.01390000","T":1756905439200,"m":false,"M":true},{"e":"trade","E":1756905439201,"s":"ETHUSDT","t":2813415019,"p":"4384.21000000","q":"0.00130000","T":1756905439200,"m":false,"M":true},{"e":"trade","E":1756905439201,"s":"ETHUSDT","t":2813415020,"p":"4384.21000000","q":"0.00120000","T":1756905439200,"m":false,"M":true},{"e":"trade","E":1756905439201,"s":"ETHUSDT","t":2813415021,"p":"4384.21000000","q":"0.00120000","T":1756905439200,"m":false,"M":true},{"e":"trade","E":1756905439201,"s":"ETHUSDT","t":2813415022,"p":"4384.21000000","q":"0.00120000","T":1756905439200,"m":false,"M":true},{"e":"trade","E":1756905439201,"s":"ETHUSDT","t":2813415023,"p":"4384.22000000","q":"0.00500000","T":1756905439200,"m":false,"M":true},{"e":"trade","E":1756905439201,"s":"ETHUSDT","t":2813415024,"p":"4384.22000000","q":"0.00130000","T":1756905439200,"m":false,"M":true},{"e":"trade","E":1756905439201,"s":"ETHUSDT","t":2813415025,"p":"4384.24000000","q":"0.02290000","T":1756905439200,"m":false,"M":true},{"e":"trade","E":1756905439201,"s":"ETHUSDT","t":2813415026,"p":"4384.24000000","q":"0.00130000","T":1756905439200,"m":false,"M":true},{"e":"trade","E":1756905439201,"s":"ETHUSDT","t":2813415027,"p":"4384.25000000","q":"0.00140000","T":1756905439200,"m":false,"M":true},{"e":"trade","E":1756905439201,"s":"ETHUSDT","t":2813415028,"p":"4384.25000000","q":"0.00130000","T":1756905439200,"m":false,"M":true},{"e":"trade","E":1756905439201,"s":"ETHUSDT","t":2813415029,"p":"4384.27000000","q":"0.00220000","T":1756905439200,"m":false,"M":true},{"e":"trade","E":1756905439201,"s":"ETHUSDT","t":2813415030,"p":"4384.27000000","q":"0.00200000","T":1756905439200,"m":false,"M":true},{"e":"trade","E":1756905439201,"s":"ETHUSDT","t":2813415031,"p":"4384.27000000","q":"0.00120000","T":1756905439200,"m":false,"M":true},{"e":"trade","E":1756905439201,"s":"ETHUSDT","t":2813415032,"p":"4384.27000000","q":"0.00130000","T":1756905439200,"m":false,"M":true},{"e":"trade","E":1756905439201,"s":"ETHUSDT","t":2813415033,"p":"4384.28000000","q":"0.00160000","T":1756905439200,"m":false,"M":true},{"e":"trade","E":1756905439218,"s":"ETHUSDT","t":2813415034,"p":"4384.29000000","q":"0.01000000","T":1756905439218,"m":false,"M":true},{"e":"trade","E":1756905439218,"s":"ETHUSDT","t":2813415035,"p":"4384.29000000","q":"0.16920000","T":1756905439218,"m":false,"M":true},{"e":"trade","E":1756905439218,"s":"ETHUSDT","t":2813415036,"p":"4384.29000000","q":"0.00120000","T":1756905439218,"m":false,"M":true},{"e":"trade","E":1756905439218,"s":"ETHUSDT","t":2813415037,"p":"4384.29000000","q":"0.00120000","T":1756905439218,"m":false,"M":true},{"e":"trade","E":1756905439218,"s":"ETHUSDT","t":2813415038,"p":"4384.29000000","q":"0.00120000","T":1756905439218,"m":false,"M":true},{"e":"trade","E":1756905439218,"s":"ETHUSDT","t":2813415039,"p":"4384.29000000","q":"0.00120000","T":1756905439218,"m":false,"M":true},{"e":"trade","E":1756905439218,"s":"ETHUSDT","t":2813415040,"p":"4384.29000000","q":"0.00120000","T":1756905439218,"m":false,"M":true},{"e":"trade","E":1756905439218,"s":"ETHUSDT","t":2813415041,"p":"4384.29000000","q":"0.00120000","T":1756905439218,"m":false,"M":true},{"e":"trade","E":1756905439218,"s":"ETHUSDT","t":2813415042,"p":"4384.29000000","q":"0.00120000","T":1756905439218,"m":false,"M":true},{"e":"trade","E":1756905439218,"s":"ETHUSDT","t":2813415043,"p":"4384.29000000","q":"0.00120000","T":1756905439218,"m":false,"M":true},{"e":"trade","E":1756905439218,"s":"ETHUSDT","t":2813415044,"p":"4384.29000000","q":"0.00120000","T":1756905439218,"m":false,"M":true},{"e":"trade","E":1756905439218,"s":"ETHUSDT","t":2813415045,"p":"4384.29000000","q":"0.00120000","T":1756905439218,"m":false,"M":true},{"e":"trade","E":1756905439218,"s":"ETHUSDT","t":2813415046,"p":"4384.29000000","q":"0.00120000","T":1756905439218,"m":false,"M":true},{"e":"trade","E":1756905439218,"s":"ETHUSDT","t":2813415047,"p":"4384.29000000","q":"0.00120000","T":1756905439218,"m":false,"M":true},{"e":"trade","E":1756905439218,"s":"ETHUSDT","t":2813415048,"p":"4384.29000000","q":"0.00120000","T":1756905439218,"m":false,"M":true},{"e":"trade","E":1756905439218,"s":"ETHUSDT","t":2813415049,"p":"4384.29000000","q":"0.00120000","T":1756905439218,"m":false,"M":true},{"e":"trade","E":1756905439218,"s":"ETHUSDT","t":2813415050,"p":"4384.29000000","q":"0.00120000","T":1756905439218,"m":false,"M":true},{"e":"trade","E":1756905439218,"s":"ETHUSDT","t":2813415051,"p":"4384.29000000","q":"0.00120000","T":1756905439218,"m":false,"M":true},{"e":"trade","E":1756905439218,"s":"ETHUSDT","t":2813415052,"p":"4384.29000000","q":"0.00120000","T":1756905439218,"m":false,"M":true},{"e":"trade","E":1756905439218,"s":"ETHUSDT","t":2813415053,"p":"4384.29000000","q":"0.00120000","T":1756905439218,"m":false,"M":true},{"e":"trade","E":1756905439218,"s":"ETHUSDT","t":2813415054,"p":"4384.29000000","q":"0.00120000","T":1756905439218,"m":false,"M":true},{"e":"trade","E":1756905439218,"s":"ETHUSDT","t":2813415055,"p":"4384.29000000","q":"0.00120000","T":1756905439218,"m":false,"M":true},{"e":"trade","E":1756905439218,"s":"ETHUSDT","t":2813415056,"p":"4384.29000000","q":"0.00120000","T":1756905439218,"m":false,"M":true},{"e":"trade","E":1756905439218,"s":"ETHUSDT","t":2813415057,"p":"4384.29000000","q":"0.00120000","T":1756905439218,"m":false,"M":true},{"e":"trade","E":1756905439218,"s":"ETHUSDT","t":2813415058,"p":"4384.29000000","q":"0.00130000","T":1756905439218,"m":false,"M":true},{"e":"trade","E":1756905439218,"s":"ETHUSDT","t":2813415059,"p":"4384.29000000","q":"0.03740000","T":1756905439218,"m":false,"M":true},{"e":"trade","E":1756905439218,"s":"ETHUSDT","t":2813415060,"p":"4384.29000000","q":"0.00600000","T":1756905439218,"m":false,"M":true},{"e":"trade","E":1756905439218,"s":"ETHUSDT","t":2813415061,"p":"4384.29000000","q":"0.00120000","T":1756905439218,"m":false,"M":true},{"e":"trade","E":1756905439218,"s":"ETHUSDT","t":2813415062,"p":"4384.29000000","q":"0.00120000","T":1756905439218,"m":false,"M":true},{"e":"trade","E":1756905439218,"s":"ETHUSDT","t":2813415063,"p":"4384.29000000","q":"0.00120000","T":1756905439218,"m":false,"M":true},{"e":"trade","E":1756905439218,"s":"ETHUSDT","t":2813415064,"p":"4384.30000000","q":"0.00180000","T":1756905439218,"m":false,"M":true},{"e":"trade","E":1756905439218,"s":"ETHUSDT","t":2813415065,"p":"4384.30000000","q":"0.10000000","T":1756905439218,"m":false,"M":true},{"e":"trade","E":1756905439218,"s":"ETHUSDT","t":2813415066,"p":"4384.30000000","q":"0.00120000","T":1756905439218,"m":false,"M":true},{"e":"trade","E":1756905439218,"s":"ETHUSDT","t":2813415067,"p":"4384.30000000","q":"0.00120000","T":1756905439218,"m":false,"M":true},{"e":"trade","E":1756905439218,"s":"ETHUSDT","t":2813415068,"p":"4384.30000000","q":"0.00120000","T":1756905439218,"m":false,"M":true},{"e":"trade","E":1756905439218,"s":"ETHUSDT","t":2813415069,"p":"4384.30000000","q":"0.00120000","T":1756905439218,"m":false,"M":true},{"e":"trade","E":1756905439218,"s":"ETHUSDT","t":2813415070,"p":"4384.30000000","q":"0.00120000","T":1756905439218,"m":false,"M":true},{"e":"trade","E":1756905439218,"s":"ETHUSDT","t":2813415071,"p":"4384.30000000","q":"0.00120000","T":1756905439218,"m":false,"M":true},{"e":"trade","E":1756905439218,"s":"ETHUSDT","t":2813415072,"p":"4384.30000000","q":"0.00120000","T":1756905439218,"m":false,"M":true},{"e":"trade","E":1756905439218,"s":"ETHUSDT","t":2813415073,"p":"4384.30000000","q":"0.00120000","T":1756905439218,"m":false,"M":true},{"e":"trade","E":1756905439218,"s":"ETHUSDT","t":2813415074,"p":"4384.30000000","q":"0.00120000","T":1756905439218,"m":false,"M":true},{"e":"trade","E":1756905439218,"s":"ETHUSDT","t":2813415075,"p":"4384.30000000","q":"0.00120000","T":1756905439218,"m":false,"M":true},{"e":"trade","E":1756905439218,"s":"ETHUSDT","t":2813415076,"p":"4384.30000000","q":"0.00130000","T":1756905439218,"m":false,"M":true},{"e":"trade","E":1756905439218,"s":"ETHUSDT","t":2813415077,"p":"4384.31000000","q":"0.01370000","T":1756905439218,"m":false,"M":true},{"e":"trade","E":1756905439218,"s":"ETHUSDT","t":2813415078,"p":"4384.31000000","q":"0.00130000","T":1756905439218,"m":false,"M":true},{"e":"trade","E":1756905439218,"s":"ETHUSDT","t":2813415079,"p":"4384.31000000","q":"0.00120000","T":1756905439218,"m":false,"M":true},{"e":"trade","E":1756905439218,"s":"ETHUSDT","t":2813415080,"p":"4384.31000000","q":"0.00120000","T":1756905439218,"m":false,"M":true},{"e":"trade","E":1756905439221,"s":"ETHUSDT","t":2813415081,"p":"4384.34000000","q":"0.02280000","T":1756905439220,"m":false,"M":true},{"e":"trade","E":1756905439221,"s":"ETHUSDT","t":2813415082,"p":"4384.34000000","q":"0.00130000","T":1756905439220,"m":false,"M":true},{"e":"trade","E":1756905439221,"s":"ETHUSDT","t":2813415083,"p":"4384.34000000","q":"0.00120000","T":1756905439220,"m":false,"M":true},{"e":"trade","E":1756905439221,"s":"ETHUSDT","t":2813415084,"p":"4384.34000000","q":"0.00120000","T":1756905439220,"m":false,"M":true},{"e":"trade","E":1756905439221,"s":"ETHUSDT","t":2813415085,"p":"4384.37000000","q":"0.00680000","T":1756905439220,"m":false,"M":true},{"e":"trade","E":1756905439221,"s":"ETHUSDT","t":2813415086,"p":"4384.37000000","q":"0.00130000","T":1756905439220,"m":false,"M":true},{"e":"trade","E":1756905439239,"s":"ETHUSDT","t":2813415087,"p":"4384.38000000","q":"0.00180000","T":1756905439239,"m":false,"M":true},{"e":"trade","E":1756905439239,"s":"ETHUSDT","t":2813415088,"p":"4384.38000000","q":"0.00130000","T":1756905439239,"m":false,"M":true},{"e":"trade","E":1756905439239,"s":"ETHUSDT","t":2813415089,"p":"4384.38000000","q":"0.00120000","T":1756905439239,"m":false,"M":true},{"e":"trade","E":1756905439239,"s":"ETHUSDT","t":2813415090,"p":"4384.38000000","q":"0.00120000","T":1756905439239,"m":false,"M":true},{"e":"trade","E":1756905439239,"s":"ETHUSDT","t":2813415091,"p":"4384.38000000","q":"0.00120000","T":1756905439239,"m":false,"M":true},{"e":"trade","E":1756905439239,"s":"ETHUSDT","t":2813415092,"p":"4384.38000000","q":"0.00120000","T":1756905439239,"m":false,"M":true},{"e":"trade","E":1756905439239,"s":"ETHUSDT","t":2813415093,"p":"4384.38000000","q":"0.00120000","T":1756905439239,"m":false,"M":true},{"e":"trade","E":1756905439239,"s":"ETHUSDT","t":2813415094,"p":"4384.38000000","q":"0.00120000","T":1756905439239,"m":false,"M":true},{"e":"trade","E":1756905439239,"s":"ETHUSDT","t":2813415095,"p":"4384.38000000","q":"0.00120000","T":1756905439239,"m":false,"M":true},{"e":"trade","E":1756905439239,"s":"ETHUSDT","t":2813415096,"p":"4384.38000000","q":"0.00120000","T":1756905439239,"m":false,"M":true},{"e":"trade","E":1756905439239,"s":"ETHUSDT","t":2813415097,"p":"4384.38000000","q":"0.00120000","T":1756905439239,"m":false,"M":true},{"e":"trade","E":1756905439239,"s":"ETHUSDT","t":2813415098,"p":"4384.38000000","q":"0.00120000","T":1756905439239,"m":false,"M":true},{"e":"trade","E":1756905439239,"s":"ETHUSDT","t":2813415099,"p":"4384.38000000","q":"0.00120000","T":1756905439239,"m":false,"M":true},{"e":"trade","E":1756905439239,"s":"ETHUSDT","t":2813415100,"p":"4384.38000000","q":"0.00120000","T":1756905439239,"m":false,"M":true},{"e":"trade","E":1756905439239,"s":"ETHUSDT","t":2813415101,"p":"4384.38000000","q":"0.00120000","T":1756905439239,"m":false,"M":true},{"e":"trade","E":1756905439239,"s":"ETHUSDT","t":2813415102,"p":"4384.38000000","q":"0.00120000","T":1756905439239,"m":false,"M":true},{"e":"trade","E":1756905439239,"s":"ETHUSDT","t":2813415103,"p":"4384.38000000","q":"0.00120000","T":1756905439239,"m":false,"M":true},{"e":"trade","E":1756905439239,"s":"ETHUSDT","t":2813415104,"p":"4384.38000000","q":"0.00120000","T":1756905439239,"m":false,"M":true},{"e":"trade","E":1756905439239,"s":"ETHUSDT","t":2813415105,"p":"4384.38000000","q":"0.00120000","T":1756905439239,"m":false,"M":true},{"e":"trade","E":1756905439239,"s":"ETHUSDT","t":2813415106,"p":"4384.38000000","q":"0.00120000","T":1756905439239,"m":false,"M":true},{"e":"trade","E":1756905439239,"s":"ETHUSDT","t":2813415107,"p":"4384.38000000","q":"0.00120000","T":1756905439239,"m":false,"M":true},{"e":"trade","E":1756905439239,"s":"ETHUSDT","t":2813415108,"p":"4384.38000000","q":"0.00120000","T":1756905439239,"m":false,"M":true},{"e":"trade","E":1756905439239,"s":"ETHUSDT","t":2813415109,"p":"4384.38000000","q":"0.00120000","T":1756905439239,"m":false,"M":true},{"e":"trade","E":1756905439239,"s":"ETHUSDT","t":2813415110,"p":"4384.38000000","q":"0.00600000","T":1756905439239,"m":false,"M":true},{"e":"trade","E":1756905439239,"s":"ETHUSDT","t":2813415111,"p":"4384.38000000","q":"0.00120000","T":1756905439239,"m":false,"M":true},{"e":"trade","E":1756905439239,"s":"ETHUSDT","t":2813415112,"p":"4384.39000000","q":"0.00050000","T":1756905439239,"m":false,"M":true},{"e":"trade","E":1756905439253,"s":"ETHUSDT","t":2813415113,"p":"4384.39000000","q":"0.01480000","T":1756905439253,"m":false,"M":true},{"e":"trade","E":1756905439253,"s":"ETHUSDT","t":2813415114,"p":"4384.39000000","q":"0.00130000","T":1756905439253,"m":false,"M":true},{"e":"trade","E":1756905439253,"s":"ETHUSDT","t":2813415115,"p":"4384.39000000","q":"0.00120000","T":1756905439253,"m":false,"M":true},{"e":"trade","E":1756905439253,"s":"ETHUSDT","t":2813415116,"p":"4384.39000000","q":"0.00120000","T":1756905439253,"m":false,"M":true},{"e":"trade","E":1756905439253,"s":"ETHUSDT","t":2813415117,"p":"4384.39000000","q":"0.00120000","T":1756905439253,"m":false,"M":true},{"e":"trade","E":1756905439253,"s":"ETHUSDT","t":2813415118,"p":"4384.39000000","q":"0.00120000","T":1756905439253,"m":false,"M":true},{"e":"trade","E":1756905439253,"s":"ETHUSDT","t":2813415119,"p":"4384.39000000","q":"0.00120000","T":1756905439253,"m":false,"M":true},{"e":"trade","E":1756905439253,"s":"ETHUSDT","t":2813415120,"p":"4384.39000000","q":"0.00120000","T":1756905439253,"m":false,"M":true},{"e":"trade","E":1756905439253,"s":"ETHUSDT","t":2813415121,"p":"4384.39000000","q":"0.00120000","T":1756905439253,"m":false,"M":true},{"e":"trade","E":1756905439253,"s":"ETHUSDT","t":2813415122,"p":"4384.39000000","q":"0.00120000","T":1756905439253,"m":false,"M":true},{"e":"trade","E":1756905439253,"s":"ETHUSDT","t":2813415123,"p":"4384.39000000","q":"0.00120000","T":1756905439253,"m":false,"M":true},{"e":"trade","E":1756905439253,"s":"ETHUSDT","t":2813415124,"p":"4384.39000000","q":"0.00120000","T":1756905439253,"m":false,"M":true},{"e":"trade","E":1756905439253,"s":"ETHUSDT","t":2813415125,"p":"4384.39000000","q":"0.00120000","T":1756905439253,"m":false,"M":true},{"e":"trade","E":1756905439253,"s":"ETHUSDT","t":2813415126,"p":"4384.39000000","q":"0.00600000","T":1756905439253,"m":false,"M":true},{"e":"trade","E":1756905439253,"s":"ETHUSDT","t":2813415127,"p":"4384.39000000","q":"0.00120000","T":1756905439253,"m":false,"M":true},{"e":"trade","E":1756905439253,"s":"ETHUSDT","t":2813415128,"p":"4384.39000000","q":"0.00120000","T":1756905439253,"m":false,"M":true},{"e":"trade","E":1756905439253,"s":"ETHUSDT","t":2813415129,"p":"4384.39000000","q":"0.00120000","T":1756905439253,"m":false,"M":true},{"e":"trade","E":1756905439253,"s":"ETHUSDT","t":2813415130,"p":"4384.39000000","q":"0.00120000","T":1756905439253,"m":false,"M":true},{"e":"trade","E":1756905439253,"s":"ETHUSDT","t":2813415131,"p":"4384.39000000","q":"0.00120000","T":1756905439253,"m":false,"M":true},{"e":"trade","E":1756905439253,"s":"ETHUSDT","t":2813415132,"p":"4384.39000000","q":"0.00120000","T":1756905439253,"m":false,"M":true},{"e":"trade","E":1756905439253,"s":"ETHUSDT","t":2813415133,"p":"4384.39000000","q":"0.00120000","T":1756905439253,"m":false,"M":true},{"e":"trade","E":1756905439253,"s":"ETHUSDT","t":2813415134,"p":"4384.39000000","q":"0.00120000","T":1756905439253,"m":false,"M":true},{"e":"trade","E":1756905439253,"s":"ETHUSDT","t":2813415135,"p":"4384.39000000","q":"0.00120000","T":1756905439253,"m":false,"M":true},{"e":"trade","E":1756905439253,"s":"ETHUSDT","t":2813415136,"p":"4384.39000000","q":"0.00120000","T":1756905439253,"m":false,"M":true},{"e":"trade","E":1756905439253,"s":"ETHUSDT","t":2813415137,"p":"4384.39000000","q":"0.00120000","T":1756905439253,"m":false,"M":true},{"e":"trade","E":1756905439253,"s":"ETHUSDT","t":2813415138,"p":"4384.40000000","q":"0.00130000","T":1756905439253,"m":false,"M":true},{"e":"trade","E":1756905439253,"s":"ETHUSDT","t":2813415139,"p":"4384.40000000","q":"0.00120000","T":1756905439253,"m":false,"M":true},{"e":"trade","E":1756905439253,"s":"ETHUSDT","t":2813415140,"p":"4384.40000000","q":"0.00120000","T":1756905439253,"m":false,"M":true},{"e":"trade","E":1756905439253,"s":"ETHUSDT","t":2813415141,"p":"4384.40000000","q":"0.00120000","T":1756905439253,"m":false,"M":true},{"e":"trade","E":1756905439253,"s":"ETHUSDT","t":2813415142,"p":"4384.40000000","q":"0.00120000","T":1756905439253,"m":false,"M":true},{"e":"trade","E":1756905439253,"s":"ETHUSDT","t":2813415143,"p":"4384.40000000","q":"0.00120000","T":1756905439253,"m":false,"M":true},{"e":"trade","E":1756905439253,"s":"ETHUSDT","t":2813415144,"p":"4384.40000000","q":"0.00120000","T":1756905439253,"m":false,"M":true},{"e":"trade","E":1756905439253,"s":"ETHUSDT","t":2813415145,"p":"4384.40000000","q":"0.00120000","T":1756905439253,"m":false,"M":true},{"e":"trade","E":1756905439253,"s":"ETHUSDT","t":2813415146,"p":"4384.40000000","q":"0.00120000","T":1756905439253,"m":false,"M":true},{"e":"trade","E":1756905439253,"s":"ETHUSDT","t":2813415147,"p":"4384.40000000","q":"0.00120000","T":1756905439253,"m":false,"M":true},{"e":"trade","E":1756905439253,"s":"ETHUSDT","t":2813415148,"p":"4384.40000000","q":"0.00120000","T":1756905439253,"m":false,"M":true},{"e":"trade","E":1756905439268,"s":"ETHUSDT","t":2813415149,"p":"4384.40000000","q":"0.33270000","T":1756905439268,"m":true,"M":true},{"e":"trade","E":1756905439305,"s":"ETHUSDT","t":2813415150,"p":"4384.41000000","q":"0.11220000","T":1756905439305,"m":false,"M":true},{"e":"trade","E":1756905439305,"s":"ETHUSDT","t":2813415151,"p":"4384.41000000","q":"0.00130000","T":1756905439305,"m":false,"M":true},{"e":"trade","E":1756905439305,"s":"ETHUSDT","t":2813415152,"p":"4384.41000000","q":"0.00600000","T":1756905439305,"m":false,"M":true},{"e":"trade","E":1756905439305,"s":"ETHUSDT","t":2813415153,"p":"4384.41000000","q":"0.00120000","T":1756905439305,"m":false,"M":true},{"e":"trade","E":1756905439305,"s":"ETHUSDT","t":2813415154,"p":"4384.41000000","q":"0.00120000","T":1756905439305,"m":false,"M":true},{"e":"trade","E":1756905439305,"s":"ETHUSDT","t":2813415155,"p":"4384.41000000","q":"0.00120000","T":1756905439305,"m":false,"M":true},{"e":"trade","E":1756905439305,"s":"ETHUSDT","t":2813415156,"p":"4384.41000000","q":"0.00120000","T":1756905439305,"m":false,"M":true},{"e":"trade","E":1756905439305,"s":"ETHUSDT","t":2813415157,"p":"4384.41000000","q":"0.00120000","T":1756905439305,"m":false,"M":true},{"e":"trade","E":1756905439305,"s":"ETHUSDT","t":2813415158,"p":"4384.41000000","q":"0.00120000","T":1756905439305,"m":false,"M":true},{"e":"trade","E":1756905439305,"s":"ETHUSDT","t":2813415159,"p":"4384.41000000","q":"0.00120000","T":1756905439305,"m":false,"M":true},{"e":"trade","E":1756905439305,"s":"ETHUSDT","t":2813415160,"p":"4384.41000000","q":"0.00120000","T":1756905439305,"m":false,"M":true},{"e":"trade","E":1756905439305,"s":"ETHUSDT","t":2813415161,"p":"4384.41000000","q":"0.00120000","T":1756905439305,"m":false,"M":true},{"e":"trade","E":1756905439305,"s":"ETHUSDT","t":2813415162,"p":"4384.41000000","q":"0.00120000","T":1756905439305,"m":false,"M":true},{"e":"trade","E":1756905439305,"s":"ETHUSDT","t":2813415163,"p":"4384.41000000","q":"0.00120000","T":1756905439305,"m":false,"M":true},{"e":"trade","E":1756905439305,"s":"ETHUSDT","t":2813415164,"p":"4384.41000000","q":"0.00120000","T":1756905439305,"m":false,"M":true},{"e":"trade","E":1756905439305,"s":"ETHUSDT","t":2813415165,"p":"4384.41000000","q":"0.00120000","T":1756905439305,"m":false,"M":true},{"e":"trade","E":1756905439305,"s":"ETHUSDT","t":2813415166,"p":"4384.41000000","q":"0.00120000","T":1756905439305,"m":false,"M":true},{"e":"trade","E":1756905439305,"s":"ETHUSDT","t":2813415167,"p":"4384.41000000","q":"0.00120000","T":1756905439305,"m":false,"M":true},{"e":"trade","E":1756905439305,"s":"ETHUSDT","t":2813415168,"p":"4384.41000000","q":"0.00120000","T":1756905439305,"m":false,"M":true},{"e":"trade","E":1756905439305,"s":"ETHUSDT","t":2813415169,"p":"4384.41000000","q":"0.00120000","T":1756905439305,"m":false,"M":true},{"e":"trade","E":1756905439305,"s":"ETHUSDT","t":2813415170,"p":"4384.41000000","q":"0.00120000","T":1756905439305,"m":false,"M":true},{"e":"trade","E":1756905439305,"s":"ETHUSDT","t":2813415171,"p":"4384.41000000","q":"0.00120000","T":1756905439305,"m":false,"M":true},{"e":"trade","E":1756905439305,"s":"ETHUSDT","t":2813415172,"p":"4384.41000000","q":"0.00120000","T":1756905439305,"m":false,"M":true},{"e":"trade","E":1756905439306,"s":"ETHUSDT","t":2813415173,"p":"4384.42000000","q":"0.00120000","T":1756905439305,"m":false,"M":true},{"e":"trade","E":1756905439306,"s":"ETHUSDT","t":2813415174,"p":"4384.42000000","q":"0.00120000","T":1756905439305,"m":false,"M":true},{"e":"trade","E":1756905439306,"s":"ETHUSDT","t":2813415175,"p":"4384.42000000","q":"0.00120000","T":1756905439305,"m":false,"M":true},{"e":"trade","E":1756905439306,"s":"ETHUSDT","t":2813415176,"p":"4384.42000000","q":"0.00120000","T":1756905439305,"m":false,"M":true},{"e":"trade","E":1756905439306,"s":"ETHUSDT","t":2813415177,"p":"4384.42000000","q":"0.00120000","T":1756905439305,"m":false,"M":true},{"e":"trade","E":1756905439306,"s":"ETHUSDT","t":2813415178,"p":"4384.42000000","q":"0.00120000","T":1756905439305,"m":false,"M":true},{"e":"trade","E":1756905439306,"s":"ETHUSDT","t":2813415179,"p":"4384.42000000","q":"0.00120000","T":1756905439305,"m":false,"M":true},{"e":"trade","E":1756905439306,"s":"ETHUSDT","t":2813415180,"p":"4384.42000000","q":"0.00120000","T":1756905439305,"m":false,"M":true},{"e":"trade","E":1756905439306,"s":"ETHUSDT","t":2813415181,"p":"4384.42000000","q":"0.00120000","T":1756905439305,"m":false,"M":true},{"e":"trade","E":1756905439306,"s":"ETHUSDT","t":2813415182,"p":"4384.42000000","q":"0.00120000","T":1756905439305,"m":false,"M":true},{"e":"trade","E":1756905439306,"s":"ETHUSDT","t":2813415183,"p":"4384.44000000","q":"0.00120000","T":1756905439306,"m":false,"M":true},{"e":"trade","E":1756905439306,"s":"ETHUSDT","t":2813415184,"p":"4384.44000000","q":"0.00130000","T":1756905439306,"m":false,"M":true},{"e":"trade","E":1756905439306,"s":"ETHUSDT","t":2813415185,"p":"4384.44000000","q":"0.00200000","T":1756905439306,"m":false,"M":true},{"e":"trade","E":1756905439306,"s":"ETHUSDT","t":2813415186,"p":"4384.44000000","q":"0.00130000","T":1756905439306,"m":false,"M":true},{"e":"trade","E":1756905439306,"s":"ETHUSDT","t":2813415187,"p":"4384.45000000","q":"0.00200000","T":1756905439306,"m":false,"M":true},{"e":"trade","E":1756905439306,"s":"ETHUSDT","t":2813415188,"p":"4384.45000000","q":"0.00130000","T":1756905439306,"m":false,"M":true},{"e":"trade","E":1756905439307,"s":"ETHUSDT","t":2813415189,"p":"4384.47000000","q":"0.00770000","T":1756905439306,"m":false,"M":true},{"e":"trade","E":1756905439307,"s":"ETHUSDT","t":2813415190,"p":"4384.47000000","q":"0.00800000","T":1756905439306,"m":false,"M":true},{"e":"trade","E":1756905439307,"s":"ETHUSDT","t":2813415191,"p":"4384.47000000","q":"0.00120000","T":1756905439306,"m":false,"M":true},{"e":"trade","E":1756905439307,"s":"ETHUSDT","t":2813415192,"p":"4384.47000000","q":"0.00130000","T":1756905439306,"m":false,"M":true},{"e":"trade","E":1756905439307,"s":"ETHUSDT","t":2813415193,"p":"4384.48000000","q":"0.00120000","T":1756905439306,"m":false,"M":true},{"e":"trade","E":1756905439307,"s":"ETHUSDT","t":2813415194,"p":"4384.48000000","q":"0.00130000","T":1756905439306,"m":false,"M":true},{"e":"trade","E":1756905440000,"s":"ETHUSDT","t":2813415195,"p":"4384.49000000","q":"0.06850000","T":1756905440000,"m":false,"M":true},{"e":"trade","E":1756905440000,"s":"ETHUSDT","t":2813415196,"p":"4384.49000000","q":"0.00120000","T":1756905440000,"m":false,"M":true},{"e":"trade","E":1756905440000,"s":"ETHUSDT","t":2813415197,"p":"4384.49000000","q":"0.00120000","T":1756905440000,"m":false,"M":true},{"e":"trade","E":1756905440000,"s":"ETHUSDT","t":2813415198,"p":"4384.49000000","q":"0.00130000","T":1756905440000,"m":false,"M":true},{"e":"trade","E":1756905440000,"s":"ETHUSDT","t":2813415199,"p":"4384.49000000","q":"0.00600000","T":1756905440000,"m":false,"M":true},{"e":"trade","E":1756905440000,"s":"ETHUSDT","t":2813415200,"p":"4384.49000000","q":"0.00120000","T":1756905440000,"m":false,"M":true},{"e":"trade","E":1756905440000,"s":"ETHUSDT","t":2813415201,"p":"4384.49000000","q":"0.00120000","T":1756905440000,"m":false,"M":true},{"e":"trade","E":1756905440000,"s":"ETHUSDT","t":2813415202,"p":"4384.49000000","q":"0.00120000","T":1756905440000,"m":false,"M":true},{"e":"trade","E":1756905440000,"s":"ETHUSDT","t":2813415203,"p":"4384.49000000","q":"0.00120000","T":1756905440000,"m":false,"M":true},{"e":"trade","E":1756905440000,"s":"ETHUSDT","t":2813415204,"p":"4384.49000000","q":"0.00120000","T":1756905440000,"m":false,"M":true},{"e":"trade","E":1756905440000,"s":"ETHUSDT","t":2813415205,"p":"4384.49000000","q":"0.00120000","T":1756905440000,"m":false,"M":true},{"e":"trade","E":1756905440000,"s":"ETHUSDT","t":2813415206,"p":"4384.49000000","q":"0.00120000","T":1756905440000,"m":false,"M":true},{"e":"trade","E":1756905440000,"s":"ETHUSDT","t":2813415207,"p":"4384.49000000","q":"0.00120000","T":1756905440000,"m":false,"M":true},{"e":"trade","E":1756905440000,"s":"ETHUSDT","t":2813415208,"p":"4384.49000000","q":"0.00120000","T":1756905440000,"m":false,"M":true},{"e":"trade","E":1756905440000,"s":"ETHUSDT","t":2813415209,"p":"4384.49000000","q":"0.00120000","T":1756905440000,"m":false,"M":true},{"e":"trade","E":1756905440000,"s":"ETHUSDT","t":2813415210,"p":"4384.49000000","q":"0.52480000","T":1756905440000,"m":false,"M":true},{"e":"trade","E":1756905440025,"s":"ETHUSDT","t":2813415211,"p":"4384.49000000","q":"0.80000000","T":1756905440025,"m":false,"M":true},{"e":"trade","E":1756905440047,"s":"ETHUSDT","t":2813415212,"p":"4384.48000000","q":"0.00230000","T":1756905440047,"m":true,"M":true},{"e":"trade","E":1756905440052,"s":"ETHUSDT","t":2813415213,"p":"4384.49000000","q":"0.02210000","T":1756905440052,"m":false,"M":true},{"e":"trade","E":1756905440471,"s":"ETHUSDT","t":2813415214,"p":"4384.48000000","q":"0.00290000","T":1756905440470,"m":true,"M":true},{"e":"trade","E":1756905440785,"s":"ETHUSDT","t":2813415215,"p":"4384.48000000","q":"0.12120000","T":1756905440785,"m":true,"M":true},{"e":"trade","E":1756905440792,"s":"ETHUSDT","t":2813415216,"p":"4384.48000000","q":"0.06450000","T":1756905440791,"m":true,"M":true},{"e":"trade","E":1756905440801,"s":"ETHUSDT","t":2813415217,"p":"4384.48000000","q":"0.00110000","T":1756905440800,"m":true,"M":true},{"e":"trade","E":1756905440836,"s":"ETHUSDT","t":2813415218,"p":"4384.48000000","q":"0.00150000","T":1756905440836,"m":true,"M":true},{"e":"trade","E":1756905441027,"s":"ETHUSDT","t":2813415219,"p":"4384.49000000","q":"0.03750000","T":1756905441027,"m":false,"M":true},{"e":"trade","E":1756905441027,"s":"ETHUSDT","t":2813415220,"p":"4384.49000000","q":"0.00120000","T":1756905441027,"m":false,"M":true},{"e":"trade","E":1756905441027,"s":"ETHUSDT","t":2813415221,"p":"4384.49000000","q":"0.00120000","T":1756905441027,"m":false,"M":true},{"e":"trade","E":1756905441027,"s":"ETHUSDT","t":2813415222,"p":"4384.49000000","q":"0.00600000","T":1756905441027,"m":false,"M":true},{"e":"trade","E":1756905441027,"s":"ETHUSDT","t":2813415223,"p":"4384.49000000","q":"0.00120000","T":1756905441027,"m":false,"M":true},{"e":"trade","E":1756905441027,"s":"ETHUSDT","t":2813415224,"p":"4384.49000000","q":"0.00130000","T":1756905441027,"m":false,"M":true},{"e":"trade","E":1756905441027,"s":"ETHUSDT","t":2813415225,"p":"4384.49000000","q":"0.75160000","T":1756905441027,"m":false,"M":true},{"e":"trade","E":1756905441028,"s":"ETHUSDT","t":2813415226,"p":"4384.49000000","q":"0.80000000","T":1756905441027,"m":false,"M":true},{"e":"trade","E":1756905441311,"s":"ETHUSDT","t":2813415227,"p":"4384.48000000","q":"0.32000000","T":1756905441310,"m":true,"M":true},{"e":"trade","E":1756905441522,"s":"ETHUSDT","t":2813415228,"p":"4384.49000000","q":"0.02510000","T":1756905441522,"m":false,"M":true},{"e":"trade","E":1756905441694,"s":"ETHUSDT","t":2813415229,"p":"4384.49000000","q":"0.00350000","T":1756905441693,"m":false,"M":true},{"e":"trade","E":1756905442601,"s":"ETHUSDT","t":2813415230,"p":"4384.48000000","q":"0.04190000","T":1756905442601,"m":true,"M":true},{"e":"trade","E":1756905443165,"s":"ETHUSDT","t":2813415231,"p":"4384.48000000","q":"0.05000000","T":1756905443164,"m":true,"M":true},{"e":"trade","E":1756905444065,"s":"ETHUSDT","t":2813415232,"p":"4384.49000000","q":"0.29700000","T":1756905444064,"m":false,"M":true},{"e":"trade","E":1756905444065,"s":"ETHUSDT","t":2813415233,"p":"4384.49000000","q":"0.05510000","T":1756905444064,"m":false,"M":true},{"e":"trade","E":1756905444065,"s":"ETHUSDT","t":2813415234,"p":"4384.49000000","q":"0.00340000","T":1756905444064,"m":false,"M":true},{"e":"trade","E":1756905444065,"s":"ETHUSDT","t":2813415235,"p":"4384.49000000","q":"0.11400000","T":1756905444064,"m":false,"M":true},{"e":"trade","E":1756905444065,"s":"ETHUSDT","t":2813415236,"p":"4384.49000000","q":"0.14870000","T":1756905444064,"m":false,"M":true},{"e":"trade","E":1756905444065,"s":"ETHUSDT","t":2813415237,"p":"4384.49000000","q":"0.00120000","T":1756905444064,"m":false,"M":true},{"e":"trade","E":1756905444065,"s":"ETHUSDT","t":2813415238,"p":"4384.49000000","q":"0.00120000","T":1756905444064,"m":false,"M":true},{"e":"trade","E":1756905444065,"s":"ETHUSDT","t":2813415239,"p":"4384.49000000","q":"0.00120000","T":1756905444064,"m":false,"M":true},{"e":"trade","E":1756905444065,"s":"ETHUSDT","t":2813415240,"p":"4384.49000000","q":"0.00600000","T":1756905444064,"m":false,"M":true},{"e":"trade","E":1756905444065,"s":"ETHUSDT","t":2813415241,"p":"4384.49000000","q":"0.00130000","T":1756905444064,"m":false,"M":true},{"e":"trade","E":1756905444065,"s":"ETHUSDT","t":2813415242,"p":"4384.49000000","q":"0.07820000","T":1756905444064,"m":false,"M":true},{"e":"trade","E":1756905444065,"s":"ETHUSDT","t":2813415243,"p":"4384.49000000","q":"0.28500000","T":1756905444064,"m":false,"M":true},{"e":"trade","E":1756905444065,"s":"ETHUSDT","t":2813415244,"p":"4384.49000000","q":"1.75300000","T":1756905444064,"m":false,"M":true},{"e":"trade","E":1756905444065,"s":"ETHUSDT","t":2813415245,"p":"4384.49000000","q":"4.54000000","T":1756905444064,"m":false,"M":true},{"e":"trade","E":1756905444065,"s":"ETHUSDT","t":2813415246,"p":"4384.49000000","q":"0.00120000","T":1756905444064,"m":false,"M":true},{"e":"trade","E":1756905444065,"s":"ETHUSDT","t":2813415247,"p":"4384.49000000","q":"0.01520000","T":1756905444064,"m":false,"M":true},{"e":"trade","E":1756905444065,"s":"ETHUSDT","t":2813415248,"p":"4384.49000000","q":"0.00930000","T":1756905444064,"m":false,"M":true},{"e":"trade","E":1756905444065,"s":"ETHUSDT","t":2813415249,"p":"4384.49000000","q":"3.21630000","T":1756905444064,"m":false,"M":true},{"e":"trade","E":1756905444075,"s":"ETHUSDT","t":2813415250,"p":"4384.48000000","q":"0.00150000","T":1756905444074,"m":true,"M":true},{"e":"trade","E":1756905444229,"s":"ETHUSDT","t":2813415251,"p":"4384.48000000","q":"0.02220000","T":1756905444228,"m":true,"M":true},{"e":"trade","E":1756905444499,"s":"ETHUSDT","t":2813415252,"p":"4384.49000000","q":"0.11630000","T":1756905444498,"m":false,"M":true},{"e":"trade","E":1756905444499,"s":"ETHUSDT","t":2813415253,"p":"4384.49000000","q":"0.10650000","T":1756905444498,"m":false,"M":true},{"e":"trade","E":1756905444499,"s":"ETHUSDT","t":2813415254,"p":"4384.49000000","q":"0.00120000","T":1756905444498,"m":false,"M":true},{"e":"trade","E":1756905444499,"s":"ETHUSDT","t":2813415255,"p":"4384.49000000","q":"0.00120000","T":1756905444498,"m":false,"M":true},{"e":"trade","E":1756905444499,"s":"ETHUSDT","t":2813415256,"p":"4384.49000000","q":"0.57480000","T":1756905444498,"m":false,"M":true},{"e":"trade","E":1756905444499,"s":"ETHUSDT","t":2813415257,"p":"4384.49000000","q":"0.80000000","T":1756905444499,"m":false,"M":true},{"e":"trade","E":1756905444673,"s":"ETHUSDT","t":2813415258,"p":"4384.49000000","q":"0.50240000","T":1756905444668,"m":false,"M":true},{"e":"trade","E":1756905444673,"s":"ETHUSDT","t":2813415259,"p":"4384.49000000","q":"0.00600000","T":1756905444668,"m":false,"M":true},{"e":"trade","E":1756905444673,"s":"ETHUSDT","t":2813415260,"p":"4384.49000000","q":"0.00130000","T":1756905444668,"m":false,"M":true},{"e":"trade","E":1756905444673,"s":"ETHUSDT","t":2813415261,"p":"4384.49000000","q":"0.01790000","T":1756905444668,"m":false,"M":true},{"e":"trade","E":1756905444673,"s":"ETHUSDT","t":2813415262,"p":"4384.49000000","q":"0.00120000","T":1756905444668,"m":false,"M":true},{"e":"trade","E":1756905444673,"s":"ETHUSDT","t":2813415263,"p":"4384.49000000","q":"0.27220000","T":1756905444668,"m":false,"M":true},{"e":"trade","E":1756905444673,"s":"ETHUSDT","t":2813415264,"p":"4384.49000000","q":"0.33270000","T":1756905444668,"m":false,"M":true},{"e":"trade","E":1756905444673,"s":"ETHUSDT","t":2813415265,"p":"4384.49000000","q":"0.00120000","T":1756905444668,"m":false,"M":true},{"e":"trade","E":1756905444673,"s":"ETHUSDT","t":2813415266,"p":"4384.49000000","q":"0.00120000","T":1756905444668,"m":false,"M":true},{"e":"trade","E":1756905444673,"s":"ETHUSDT","t":2813415267,"p":"4384.49000000","q":"0.00120000","T":1756905444668,"m":false,"M":true},{"e":"trade","E":1756905444673,"s":"ETHUSDT","t":2813415268,"p":"4384.49000000","q":"0.00120000","T":1756905444668,"m":false,"M":true},{"e":"trade","E":1756905444673,"s":"ETHUSDT","t":2813415269,"p":"4384.49000000","q":"0.00120000","T":1756905444668,"m":false,"M":true},{"e":"trade","E":1756905444673,"s":"ETHUSDT","t":2813415270,"p":"4384.49000000","q":"0.00120000","T":1756905444668,"m":false,"M":true},{"e":"trade","E":1756905444673,"s":"ETHUSDT","t":2813415271,"p":"4384.49000000","q":"0.00120000","T":1756905444668,"m":false,"M":true},{"e":"trade","E":1756905444673,"s":"ETHUSDT","t":2813415272,"p":"4384.49000000","q":"0.00120000","T":1756905444668,"m":false,"M":true},{"e":"trade","E":1756905444673,"s":"ETHUSDT","t":2813415273,"p":"4384.49000000","q":"0.00120000","T":1756905444668,"m":false,"M":true},{"e":"trade","E":1756905444673,"s":"ETHUSDT","t":2813415274,"p":"4384.49000000","q":"0.00120000","T":1756905444668,"m":false,"M":true},{"e":"trade","E":1756905444673,"s":"ETHUSDT","t":2813415275,"p":"4384.49000000","q":"0.00120000","T":1756905444668,"m":false,"M":true},{"e":"trade","E":1756905444673,"s":"ETHUSDT","t":2813415276,"p":"4384.49000000","q":"0.06010000","T":1756905444668,"m":false,"M":true},{"e":"trade","E":1756905444673,"s":"ETHUSDT","t":2813415277,"p":"4384.49000000","q":"0.28530000","T":1756905444668,"m":false,"M":true},{"e":"trade","E":1756905444673,"s":"ETHUSDT","t":2813415278,"p":"4384.49000000","q":"0.00120000","T":1756905444668,"m":false,"M":true},{"e":"trade","E":1756905444673,"s":"ETHUSDT","t":2813415279,"p":"4384.49000000","q":"0.00120000","T":1756905444668,"m":false,"M":true},{"e":"trade","E":1756905445491,"s":"ETHUSDT","t":2813415280,"p":"4384.49000000","q":"0.93380000","T":1756905445490,"m":true,"M":true},{"e":"trade","E":1756905445491,"s":"ETHUSDT","t":2813415281,"p":"4384.49000000","q":"6.00000000","T":1756905445490,"m":true,"M":true},{"e":"trade","E":1756905445491,"s":"ETHUSDT","t":2813415282,"p":"4384.49000000","q":"4.00000000","T":1756905445490,"m":true,"M":true},{"e":"trade","E":1756905445491,"s":"ETHUSDT","t":2813415283,"p":"4384.49000000","q":"1.60870000","T":1756905445490,"m":true,"M":true},{"e":"trade","E":1756905445491,"s":"ETHUSDT","t":2813415284,"p":"4384.49000000","q":"4.00000000","T":1756905445490,"m":true,"M":true},{"e":"trade","E":1756905445491,"s":"ETHUSDT","t":2813415285,"p":"4384.49000000","q":"1.60870000","T":1756905445490,"m":true,"M":true},{"e":"trade","E":1756905445491,"s":"ETHUSDT","t":2813415286,"p":"4384.49000000","q":"1.64000000","T":1756905445490,"m":true,"M":true},{"e":"trade","E":1756905445491,"s":"ETHUSDT","t":2813415287,"p":"4384.49000000","q":"1.10090000","T":1756905445490,"m":true,"M":true},{"e":"trade","E":1756905445491,"s":"ETHUSDT","t":2813415288,"p":"4384.49000000","q":"5.85000000","T":1756905445490,"m":true,"M":true},{"e":"trade","E":1756905445491,"s":"ETHUSDT","t":2813415289,"p":"4384.49000000","q":"9.91410000","T":1756905445490,"m":true,"M":true},{"e":"trade","E":1756905445491,"s":"ETHUSDT","t":2813415290,"p":"4384.49000000","q":"1.75300000","T":1756905445490,"m":true,"M":true},{"e":"trade","E":1756905445491,"s":"ETHUSDT","t":2813415291,"p":"4384.49000000","q":"0.50000000","T":1756905445490,"m":true,"M":true},{"e":"trade","E":1756905445491,"s":"ETHUSDT","t":2813415292,"p":"4384.49000000","q":"0.01650000","T":1756905445490,"m":true,"M":true},{"e":"trade","E":1756905445491,"s":"ETHUSDT","t":2813415293,"p":"4384.49000000","q":"8.13220000","T":1756905445490,"m":true,"M":true},{"e":"trade","E":1756905445491,"s":"ETHUSDT","t":2813415294,"p":"4384.49000000","q":"5.97140000","T":1756905445490,"m":true,"M":true},{"e":"trade","E":1756905445884,"s":"ETHUSDT","t":2813415295,"p":"4384.50000000","q":"0.00120000","T":1756905445883,"m":false,"M":true},{"e":"trade","E":1756905445884,"s":"ETHUSDT","t":2813415296,"p":"4384.50000000","q":"0.04120000","T":1756905445883,"m":false,"M":true},{"e":"trade","E":1756905445884,"s":"ETHUSDT","t":2813415297,"p":"4384.50000000","q":"0.11410000","T":1756905445883,"m":false,"M":true},{"e":"trade","E":1756905445884,"s":"ETHUSDT","t":2813415298,"p":"4384.50000000","q":"0.04570000","T":1756905445883,"m":false,"M":true},{"e":"trade","E":1756905445884,"s":"ETHUSDT","t":2813415299,"p":"4384.50000000","q":"0.06850000","T":1756905445883,"m":false,"M":true},{"e":"trade","E":1756905445884,"s":"ETHUSDT","t":2813415300,"p":"4384.50000000","q":"0.00200000","T":1756905445883,"m":false,"M":true},{"e":"trade","E":1756905445884,"s":"ETHUSDT","t":2813415301,"p":"4384.50000000","q":"0.04560000","T":1756905445883,"m":false,"M":true},{"e":"trade","E":1756905445884,"s":"ETHUSDT","t":2813415302,"p":"4384.50000000","q":"0.00120000","T":1756905445883,"m":false,"M":true},{"e":"trade","E":1756905445884,"s":"ETHUSDT","t":2813415303,"p":"4384.50000000","q":"0.00130000","T":1756905445883,"m":false,"M":true},{"e":"trade","E":1756905445884,"s":"ETHUSDT","t":2813415304,"p":"4384.50000000","q":"0.00120000","T":1756905445883,"m":false,"M":true},{"e":"trade","E":1756905445884,"s":"ETHUSDT","t":2813415305,"p":"4384.50000000","q":"0.00120000","T":1756905445883,"m":false,"M":true},{"e":"trade","E":1756905445884,"s":"ETHUSDT","t":2813415306,"p":"4384.50000000","q":"0.00120000","T":1756905445883,"m":false,"M":true},{"e":"trade","E":1756905445884,"s":"ETHUSDT","t":2813415307,"p":"4384.50000000","q":"0.00120000","T":1756905445883,"m":false,"M":true},{"e":"trade","E":1756905445884,"s":"ETHUSDT","t":2813415308,"p":"4384.50000000","q":"0.00120000","T":1756905445883,"m":false,"M":true},{"e":"trade","E":1756905445884,"s":"ETHUSDT","t":2813415309,"p":"4384.50000000","q":"0.00120000","T":1756905445883,"m":false,"M":true},{"e":"trade","E":1756905445884,"s":"ETHUSDT","t":2813415310,"p":"4384.50000000","q":"0.00120000","T":1756905445883,"m":false,"M":true},{"e":"trade","E":1756905445884,"s":"ETHUSDT","t":2813415311,"p":"4384.50000000","q":"0.00120000","T":1756905445883,"m":false,"M":true},{"e":"trade","E":1756905445884,"s":"ETHUSDT","t":2813415312,"p":"4384.50000000","q":"0.00120000","T":1756905445883,"m":false,"M":true},{"e":"trade","E":1756905445884,"s":"ETHUSDT","t":2813415313,"p":"4384.50000000","q":"0.00120000","T":1756905445883,"m":false,"M":true},{"e":"trade","E":1756905445884,"s":"ETHUSDT","t":2813415314,"p":"4384.50000000","q":"0.00120000","T":1756905445883,"m":false,"M":true},{"e":"trade","E":1756905445884,"s":"ETHUSDT","t":2813415315,"p":"4384.50000000","q":"0.33440000","T":1756905445883,"m":false,"M":true},{"e":"trade","E":1756905445884,"s":"ETHUSDT","t":2813415316,"p":"4384.50000000","q":"1.54280000","T":1756905445883,"m":false,"M":true},{"e":"trade","E":1756905445884,"s":"ETHUSDT","t":2813415317,"p":"4384.50000000","q":"0.00600000","T":1756905445883,"m":false,"M":true},{"e":"trade","E":1756905445884,"s":"ETHUSDT","t":2813415318,"p":"4384.50000000","q":"0.00120000","T":1756905445883,"m":false,"M":true},{"e":"trade","E":1756905445884,"s":"ETHUSDT","t":2813415319,"p":"4384.50000000","q":"0.00120000","T":1756905445883,"m":false,"M":true},{"e":"trade","E":1756905445884,"s":"ETHUSDT","t":2813415320,"p":"4384.51000000","q":"0.00130000","T":1756905445883,"m":false,"M":true},{"e":"trade","E":1756905445884,"s":"ETHUSDT","t":2813415321,"p":"4384.51000000","q":"0.00120000","T":1756905445883,"m":false,"M":true},{"e":"trade","E":1756905445884,"s":"ETHUSDT","t":2813415322,"p":"4384.51000000","q":"0.00120000","T":1756905445883,"m":false,"M":true},{"e":"trade","E":1756905445884,"s":"ETHUSDT","t":2813415323,"p":"4384.51000000","q":"0.00120000","T":1756905445883,"m":false,"M":true},{"e":"trade","E":1756905445884,"s":"ETHUSDT","t":2813415324,"p":"4384.51000000","q":"0.00120000","T":1756905445883,"m":false,"M":true},{"e":"trade","E":1756905445884,"s":"ETHUSDT","t":2813415325,"p":"4384.51000000","q":"0.00120000","T":1756905445883,"m":false,"M":true},{"e":"trade","E":1756905445884,"s":"ETHUSDT","t":2813415326,"p":"4384.51000000","q":"0.00120000","T":1756905445883,"m":false,"M":true},{"e":"trade","E":1756905445884,"s":"ETHUSDT","t":2813415327,"p":"4384.51000000","q":"0.00120000","T":1756905445883,"m":false,"M":true},{"e":"trade","E":1756905445884,"s":"ETHUSDT","t":2813415328,"p":"4384.51000000","q":"0.00120000","T":1756905445883,"m":false,"M":true},{"e":"trade","E":1756905445884,"s":"ETHUSDT","t":2813415329,"p":"4384.51000000","q":"0.00120000","T":1756905445883,"m":false,"M":true},{"e":"trade","E":1756905445884,"s":"ETHUSDT","t":2813415330,"p":"4384.51000000","q":"0.00120000","T":1756905445883,"m":false,"M":true},{"e":"trade","E":1756905445884,"s":"ETHUSDT","t":2813415331,"p":"4384.52000000","q":"0.00590000","T":1756905445883,"m":false,"M":true},{"e":"trade","E":1756905445884,"s":"ETHUSDT","t":2813415332,"p":"4384.52000000","q":"0.00130000","T":1756905445883,"m":false,"M":true},{"e":"trade","E":1756905445884,"s":"ETHUSDT","t":2813415333,"p":"4384.52000000","q":"0.07690000","T":1756905445883,"m":false,"M":true},{"e":"trade","E":1756905445884,"s":"ETHUSDT","t":2813415334,"p":"4384.52000000","q":"0.00120000","T":1756905445883,"m":false,"M":true},{"e":"trade","E":1756905445884,"s":"ETHUSDT","t":2813415335,"p":"4384.52000000","q":"0.00120000","T":1756905445883,"m":false,"M":true},{"e":"trade","E":1756905445884,"s":"ETHUSDT","t":2813415336,"p":"4384.53000000","q":"0.00880000","T":1756905445883,"m":false,"M":true},{"e":"trade","E":1756905445884,"s":"ETHUSDT","t":2813415337,"p":"4384.53000000","q":"0.03430000","T":1756905445883,"m":false,"M":true},{"e":"trade","E":1756905445884,"s":"ETHUSDT","t":2813415338,"p":"4384.53000000","q":"0.00130000","T":1756905445883,"m":false,"M":true},{"e":"trade","E":1756905445884,"s":"ETHUSDT","t":2813415339,"p":"4384.54000000","q":"0.01830000","T":1756905445883,"m":false,"M":true},{"e":"trade","E":1756905445884,"s":"ETHUSDT","t":2813415340,"p":"4384.54000000","q":"0.00190000","T":1756905445883,"m":false,"M":true},{"e":"trade","E":1756905445884,"s":"ETHUSDT","t":2813415341,"p":"4384.54000000","q":"0.00130000","T":1756905445883,"m":false,"M":true},{"e":"trade","E":1756905445884,"s":"ETHUSDT","t":2813415342,"p":"4384.54000000","q":"0.00120000","T":1756905445883,"m":false,"M":true},{"e":"trade","E":1756905445884,"s":"ETHUSDT","t":2813415343,"p":"4384.54000000","q":"0.00120000","T":1756905445883,"m":false,"M":true},{"e":"trade","E":1756905445884,"s":"ETHUSDT","t":2813415344,"p":"4384.55000000","q":"0.00130000","T":1756905445883,"m":false,"M":true},{"e":"trade","E":1756905445884,"s":"ETHUSDT","t":2813415345,"p":"4384.55000000","q":"0.00120000","T":1756905445883,"m":false,"M":true},{"e":"trade","E":1756905445884,"s":"ETHUSDT","t":2813415346,"p":"4384.55000000","q":"0.00120000","T":1756905445883,"m":false,"M":true},{"e":"trade","E":1756905445884,"s":"ETHUSDT","t":2813415347,"p":"4384.55000000","q":"0.00120000","T":1756905445883,"m":false,"M":true},{"e":"trade","E":1756905445884,"s":"ETHUSDT","t":2813415348,"p":"4384.56000000","q":"0.09430000","T":1756905445883,"m":false,"M":true},{"e":"trade","E":1756905445884,"s":"ETHUSDT","t":2813415349,"p":"4384.56000000","q":"0.00130000","T":1756905445883,"m":false,"M":true},{"e":"trade","E":1756905445884,"s":"ETHUSDT","t":2813415350,"p":"4384.56000000","q":"0.11410000","T":1756905445883,"m":false,"M":true},{"e":"trade","E":1756905445884,"s":"ETHUSDT","t":2813415351,"p":"4384.56000000","q":"0.00130000","T":1756905445883,"m":false,"M":true},{"e":"trade","E":1756905445884,"s":"ETHUSDT","t":2813415352,"p":"4384.56000000","q":"0.00120000","T":1756905445883,"m":false,"M":true},{"e":"trade","E":1756905445884,"s":"ETHUSDT","t":2813415353,"p":"4384.56000000","q":"0.00120000","T":1756905445883,"m":false,"M":true},{"e":"trade","E":1756905445884,"s":"ETHUSDT","t":2813415354,"p":"4384.56000000","q":"0.00120000","T":1756905445883,"m":false,"M":true},{"e":"trade","E":1756905445884,"s":"ETHUSDT","t":2813415355,"p":"4384.56000000","q":"0.00120000","T":1756905445883,"m":false,"M":true},{"e":"trade","E":1756905445884,"s":"ETHUSDT","t":2813415356,"p":"4384.56000000","q":"0.00120000","T":1756905445883,"m":false,"M":true},{"e":"trade","E":1756905445884,"s":"ETHUSDT","t":2813415357,"p":"4384.57000000","q":"0.00350000","T":1756905445883,"m":false,"M":true},{"e":"trade","E":1756905445884,"s":"ETHUSDT","t":2813415358,"p":"4384.57000000","q":"0.11410000","T":1756905445883,"m":false,"M":true},{"e":"trade","E":1756905445884,"s":"ETHUSDT","t":2813415359,"p":"4384.57000000","q":"0.00130000","T":1756905445883,"m":false,"M":true},{"e":"trade","E":1756905445884,"s":"ETHUSDT","t":2813415360,"p":"4384.57000000","q":"0.00120000","T":1756905445883,"m":false,"M":true},{"e":"trade","E":1756905445884,"s":"ETHUSDT","t":2813415361,"p":"4384.57000000","q":"0.00120000","T":1756905445883,"m":false,"M":true},{"e":"trade","E":1756905445884,"s":"ETHUSDT","t":2813415362,"p":"4384.58000000","q":"0.00330000","T":1756905445883,"m":false,"M":true},{"e":"trade","E":1756905445884,"s":"ETHUSDT","t":2813415363,"p":"4384.58000000","q":"0.00130000","T":1756905445883,"m":false,"M":true},{"e":"trade","E":1756905445884,"s":"ETHUSDT","t":2813415364,"p":"4384.59000000","q":"0.00120000","T":1756905445883,"m":false,"M":true},{"e":"trade","E":1756905445884,"s":"ETHUSDT","t":2813415365,"p":"4384.59000000","q":"0.00130000","T":1756905445883,"m":false,"M":true},{"e":"trade","E":1756905445884,"s":"ETHUSDT","t":2813415366,"p":"4384.60000000","q":"0.08880000","T":1756905445883,"m":false,"M":true},{"e":"trade","E":1756905445884,"s":"ETHUSDT","t":2813415367,"p":"4384.60000000","q":"0.00120000","T":1756905445883,"m":false,"M":true},{"e":"trade","E":1756905445884,"s":"ETHUSDT","t":2813415368,"p":"4384.60000000","q":"0.00120000","T":1756905445883,"m":false,"M":true},{"e":"trade","E":1756905445884,"s":"ETHUSDT","t":2813415369,"p":"4384.60000000","q":"0.00120000","T":1756905445883,"m":false,"M":true},{"e":"trade","E":1756905445884,"s":"ETHUSDT","t":2813415370,"p":"4384.60000000","q":"0.00120000","T":1756905445883,"m":false,"M":true},{"e":"trade","E":1756905445884,"s":"ETHUSDT","t":2813415371,"p":"4384.60000000","q":"0.00120000","T":1756905445883,"m":false,"M":true},{"e":"trade","E":1756905445884,"s":"ETHUSDT","t":2813415372,"p":"4384.61000000","q":"0.00320000","T":1756905445883,"m":false,"M":true},{"e":"trade","E":1756905445884,"s":"ETHUSDT","t":2813415373,"p":"4384.61000000","q":"0.00360000","T":1756905445883,"m":false,"M":true},{"e":"trade","E":1756905445884,"s":"ETHUSDT","t":2813415374,"p":"4384.61000000","q":"0.00170000","T":1756905445883,"m":false,"M":true},{"e":"trade","E":1756905445884,"s":"ETHUSDT","t":2813415375,"p":"4384.61000000","q":"0.00380000","T":1756905445883,"m":false,"M":true},{"e":"trade","E":1756905445884,"s":"ETHUSDT","t":2813415376,"p":"4384.61000000","q":"0.00210000","T":1756905445883,"m":false,"M":true},{"e":"trade","E":1756905445884,"s":"ETHUSDT","t":2813415377,"p":"4384.61000000","q":"0.00330000","T":1756905445883,"m":false,"M":true},{"e":"trade","E":1756905445884,"s":"ETHUSDT","t":2813415378,"p":"4384.61000000","q":"0.12310000","T":1756905445883,"m":false,"M":true},{"e":"trade","E":1756905445884,"s":"ETHUSDT","t":2813415379,"p":"4384.63000000","q":"0.00370000","T":1756905445883,"m":false,"M":true},{"e":"trade","E":1756905445884,"s":"ETHUSDT","t":2813415380,"p":"4384.64000000","q":"0.00300000","T":1756905445883,"m":false,"M":true},{"e":"trade","E":1756905445884,"s":"ETHUSDT","t":2813415381,"p":"4384.68000000","q":"0.02290000","T":1756905445883,"m":false,"M":true},{"e":"trade","E":1756905445884,"s":"ETHUSDT","t":2813415382,"p":"4384.68000000","q":"0.00120000","T":1756905445883,"m":false,"M":true},{"e":"trade","E":1756905445884,"s":"ETHUSDT","t":2813415383,"p":"4384.68000000","q":"0.00120000","T":1756905445883,"m":false,"M":true},{"e":"trade","E":1756905445884,"s":"ETHUSDT","t":2813415384,"p":"4384.68000000","q":"0.00120000","T":1756905445883,"m":false,"M":true},{"e":"trade","E":1756905445884,"s":"ETHUSDT","t":2813415385,"p":"4384.68000000","q":"0.00120000","T":1756905445883,"m":false,"M":true},{"e":"trade","E":1756905445884,"s":"ETHUSDT","t":2813415386,"p":"4384.69000000","q":"0.00120000","T":1756905445883,"m":false,"M":true},{"e":"trade","E":1756905445884,"s":"ETHUSDT","t":2813415387,"p":"4384.70000000","q":"0.00150000","T":1756905445883,"m":false,"M":true},{"e":"trade","E":1756905445884,"s":"ETHUSDT","t":2813415388,"p":"4384.71000000","q":"0.03240000","T":1756905445883,"m":false,"M":true},{"e":"trade","E":1756905445885,"s":"ETHUSDT","t":2813415389,"p":"4384.74000000","q":"0.10000000","T":1756905445883,"m":false,"M":true},{"e":"trade","E":1756905445885,"s":"ETHUSDT","t":2813415390,"p":"4384.74000000","q":"0.00120000","T":1756905445883,"m":false,"M":true},{"e":"trade","E":1756905445885,"s":"ETHUSDT","t":2813415391,"p":"4384.74000000","q":"0.00120000","T":1756905445883,"m":false,"M":true},{"e":"trade","E":1756905445885,"s":"ETHUSDT","t":2813415392,"p":"4384.75000000","q":"0.01370000","T":1756905445883,"m":false,"M":true},{"e":"trade","E":1756905445885,"s":"ETHUSDT","t":2813415393,"p":"4384.76000000","q":"0.01760000","T":1756905445883,"m":false,"M":true},{"e":"trade","E":1756905445885,"s":"ETHUSDT","t":2813415394,"p":"4384.77000000","q":"0.00570000","T":1756905445883,"m":false,"M":true},{"e":"trade","E":1756905445885,"s":"ETHUSDT","t":2813415395,"p":"4384.79000000","q":"0.00410000","T":1756905445883,"m":false,"M":true},{"e":"trade","E":1756905445885,"s":"ETHUSDT","t":2813415396,"p":"4384.80000000","q":"0.00480000","T":1756905445883,"m":false,"M":true},{"e":"trade","E":1756905445885,"s":"ETHUSDT","t":2813415397,"p":"4384.80000000","q":"0.00840000","T":1756905445883,"m":false,"M":true},{"e":"trade","E":1756905445885,"s":"ETHUSDT","t":2813415398,"p":"4384.80000000","q":"0.00490000","T":1756905445883,"m":false,"M":true},{"e":"trade","E":1756905445885,"s":"ETHUSDT","t":2813415399,"p":"4384.80000000","q":"0.00340000","T":1756905445883,"m":false,"M":true},{"e":"trade","E":1756905445885,"s":"ETHUSDT","t":2813415400,"p":"4384.80000000","q":"0.00120000","T":1756905445883,"m":false,"M":true},{"e":"trade","E":1756905445885,"s":"ETHUSDT","t":2813415401,"p":"4384.81000000","q":"0.00360000","T":1756905445883,"m":false,"M":true},{"e":"trade","E":1756905445885,"s":"ETHUSDT","t":2813415402,"p":"4384.82000000","q":"0.02640000","T":1756905445883,"m":false,"M":true},{"e":"trade","E":1756905445885,"s":"ETHUSDT","t":2813415403,"p":"4384.82000000","q":"0.00120000","T":1756905445883,"m":false,"M":true},{"e":"trade","E":1756905445885,"s":"ETHUSDT","t":2813415404,"p":"4384.82000000","q":"0.00120000","T":1756905445883,"m":false,"M":true},{"e":"trade","E":1756905445885,"s":"ETHUSDT","t":2813415405,"p":"4384.84000000","q":"0.00130000","T":1756905445883,"m":false,"M":true},{"e":"trade","E":1756905445885,"s":"ETHUSDT","t":2813415406,"p":"4384.84000000","q":"0.00230000","T":1756905445883,"m":false,"M":true},{"e":"trade","E":1756905445885,"s":"ETHUSDT","t":2813415407,"p":"4384.84000000","q":"0.03500000","T":1756905445883,"m":false,"M":true},{"e":"trade","E":1756905445885,"s":"ETHUSDT","t":2813415408,"p":"4384.92000000","q":"0.00120000","T":1756905445884,"m":false,"M":true},{"e":"trade","E":1756905445885,"s":"ETHUSDT","t":2813415409,"p":"4384.93000000","q":"0.06850000","T":1756905445884,"m":false,"M":true},{"e":"trade","E":1756905445885,"s":"ETHUSDT","t":2813415410,"p":"4384.93000000","q":"0.00120000","T":1756905445884,"m":false,"M":true},{"e":"trade","E":1756905445885,"s":"ETHUSDT","t":2813415411,"p":"4384.93000000","q":"0.00120000","T":1756905445884,"m":false,"M":true},{"e":"trade","E":1756905445885,"s":"ETHUSDT","t":2813415412,"p":"4384.93000000","q":"0.00120000","T":1756905445884,"m":false,"M":true},{"e":"trade","E":1756905445885,"s":"ETHUSDT","t":2813415413,"p":"4384.93000000","q":"0.00120000","T":1756905445884,"m":false,"M":true},{"e":"trade","E":1756905445885,"s":"ETHUSDT","t":2813415414,"p":"4384.93000000","q":"0.00120000","T":1756905445884,"m":false,"M":true},{"e":"trade","E":1756905445885,"s":"ETHUSDT","t":2813415415,"p":"4384.93000000","q":"0.00120000","T":1756905445884,"m":false,"M":true},{"e":"trade","E":1756905445885,"s":"ETHUSDT","t":2813415416,"p":"4384.94000000","q":"0.00180000","T":1756905445884,"m":false,"M":true},{"e":"trade","E":1756905445885,"s":"ETHUSDT","t":2813415417,"p":"4384.94000000","q":"0.11410000","T":1756905445884,"m":false,"M":true},{"e":"trade","E":1756905445885,"s":"ETHUSDT","t":2813415418,"p":"4384.94000000","q":"0.04570000","T":1756905445884,"m":false,"M":true},{"e":"trade","E":1756905445885,"s":"ETHUSDT","t":2813415419,"p":"4384.94000000","q":"0.06850000","T":1756905445884,"m":false,"M":true},{"e":"trade","E":1756905445885,"s":"ETHUSDT","t":2813415420,"p":"4384.95000000","q":"0.01140000","T":1756905445884,"m":false,"M":true},{"e":"trade","E":1756905445885,"s":"ETHUSDT","t":2813415421,"p":"4384.96000000","q":"0.00120000","T":1756905445884,"m":false,"M":true},{"e":"trade","E":1756905445885,"s":"ETHUSDT","t":2813415422,"p":"4384.97000000","q":"0.03430000","T":1756905445884,"m":false,"M":true},{"e":"trade","E":1756905445885,"s":"ETHUSDT","t":2813415423,"p":"4384.98000000","q":"0.01830000","T":1756905445884,"m":false,"M":true},{"e":"trade","E":1756905445885,"s":"ETHUSDT","t":2813415424,"p":"4384.98000000","q":"0.00120000","T":1756905445884,"m":false,"M":true},{"e":"trade","E":1756905445885,"s":"ETHUSDT","t":2813415425,"p":"4384.98000000","q":"0.00120000","T":1756905445884,"m":false,"M":true},{"e":"trade","E":1756905445885,"s":"ETHUSDT","t":2813415426,"p":"4384.98000000","q":"0.00120000","T":1756905445884,"m":false,"M":true},{"e":"trade","E":1756905445885,"s":"ETHUSDT","t":2813415427,"p":"4384.99000000","q":"0.00120000","T":1756905445884,"m":false,"M":true},{"e":"trade","E":1756905445885,"s":"ETHUSDT","t":2813415428,"p":"4385.00000000","q":"0.06100000","T":1756905445884,"m":false,"M":true},{"e":"trade","E":1756905445885,"s":"ETHUSDT","t":2813415429,"p":"4385.00000000","q":"0.16700000","T":1756905445884,"m":false,"M":true},{"e":"trade","E":1756905445885,"s":"ETHUSDT","t":2813415430,"p":"4385.00000000","q":"0.05000000","T":1756905445884,"m":false,"M":true},{"e":"trade","E":1756905445885,"s":"ETHUSDT","t":2813415431,"p":"4385.00000000","q":"0.00130000","T":1756905445884,"m":false,"M":true},{"e":"trade","E":1756905445885,"s":"ETHUSDT","t":2813415432,"p":"4385.00000000","q":"0.00500000","T":1756905445884,"m":false,"M":true},{"e":"trade","E":1756905445885,"s":"ETHUSDT","t":2813415433,"p":"4385.00000000","q":"0.02670000","T":1756905445884,"m":false,"M":true},{"e":"trade","E":1756905445885,"s":"ETHUSDT","t":2813415434,"p":"4385.00000000","q":"0.00190000","T":1756905445884,"m":false,"M":true},{"e":"trade","E":1756905445886,"s":"ETHUSDT","t":2813415435,"p":"4385.00000000","q":"0.26120000","T":1756905445884,"m":false,"M":true},{"e":"trade","E":1756905445886,"s":"ETHUSDT","t":2813415436,"p":"4385.00000000","q":"0.64660000","T":1756905445884,"m":false,"M":true},{"e":"trade","E":1756905445886,"s":"ETHUSDT","t":2813415437,"p":"4385.00000000","q":"0.35340000","T":1756905445884,"m":false,"M":true},{"e":"trade","E":1756905445886,"s":"ETHUSDT","t":2813415438,"p":"4385.00000000","q":"0.34460000","T":1756905445884,"m":false,"M":true},{"e":"trade","E":1756905445887,"s":"ETHUSDT","t":2813415439,"p":"4385.00000000","q":"0.30190000","T":1756905445884,"m":false,"M":true},{"e":"trade","E":1756905445887,"s":"ETHUSDT","t":2813415440,"p":"4385.00000000","q":"0.03270000","T":1756905445884,"m":false,"M":true},{"e":"trade","E":1756905445887,"s":"ETHUSDT","t":2813415441,"p":"4385.00000000","q":"0.06840000","T":1756905445884,"m":false,"M":true},{"e":"trade","E":1756905445887,"s":"ETHUSDT","t":2813415442,"p":"4385.00000000","q":"0.05310000","T":1756905445884,"m":false,"M":true},{"e":"trade","E":1756905445887,"s":"ETHUSDT","t":2813415443,"p":"4385.00000000","q":"0.17490000","T":1756905445885,"m":false,"M":true},{"e":"trade","E":1756905445887,"s":"ETHUSDT","t":2813415444,"p":"4385.00000000","q":"0.13330000","T":1756905445885,"m":false,"M":true},{"e":"trade","E":1756905445887,"s":"ETHUSDT","t":2813415445,"p":"4385.00000000","q":"0.00290000","T":1756905445885,"m":false,"M":true},{"e":"trade","E":1756905445887,"s":"ETHUSDT","t":2813415446,"p":"4385.00000000","q":"0.00150000","T":1756905445885,"m":false,"M":true},{"e":"trade","E":1756905445887,"s":"ETHUSDT","t":2813415447,"p":"4385.00000000","q":"0.00060000","T":1756905445885,"m":false,"M":true},{"e":"trade","E":1756905445887,"s":"ETHUSDT","t":2813415448,"p":"4385.00000000","q":"0.02190000","T":1756905445885,"m":false,"M":true},{"e":"trade","E":1756905445887,"s":"ETHUSDT","t":2813415449,"p":"4385.00000000","q":"0.00160000","T":1756905445885,"m":false,"M":true},{"e":"trade","E":1756905445887,"s":"ETHUSDT","t":2813415450,"p":"4385.00000000","q":"0.01710000","T":1756905445885,"m":false,"M":true},{"e":"trade","E":1756905445887,"s":"ETHUSDT","t":2813415451,"p":"4385.00000000","q":"0.00220000","T":1756905445885,"m":false,"M":true},{"e":"trade","E":1756905445887,"s":"ETHUSDT","t":2813415452,"p":"4385.00000000","q":"0.02480000","T":1756905445885,"m":false,"M":true},{"e":"trade","E":1756905445887,"s":"ETHUSDT","t":2813415453,"p":"4385.00000000","q":"0.00200000","T":1756905445885,"m":false,"M":true},{"e":"trade","E":1756905445887,"s":"ETHUSDT","t":2813415454,"p":"4385.00000000","q":"0.38260000","T":1756905445885,"m":false,"M":true},{"e":"trade","E":1756905445887,"s":"ETHUSDT","t":2813415455,"p":"4385.00000000","q":"0.00500000","T":1756905445885,"m":false,"M":true},{"e":"trade","E":1756905445887,"s":"ETHUSDT","t":2813415456,"p":"4385.00000000","q":"0.01000000","T":1756905445885,"m":false,"M":true},{"e":"trade","E":1756905445887,"s":"ETHUSDT","t":2813415457,"p":"4385.00000000","q":"2.37980000","T":1756905445885,"m":false,"M":true},{"e":"trade","E":1756905445888,"s":"ETHUSDT","t":2813415458,"p":"4385.00000000","q":"0.71590000","T":1756905445885,"m":false,"M":true},{"e":"trade","E":1756905445888,"s":"ETHUSDT","t":2813415459,"p":"4385.00000000","q":"0.90430000","T":1756905445885,"m":false,"M":true},{"e":"trade","E":1756905445888,"s":"ETHUSDT","t":2813415460,"p":"4385.00000000","q":"0.00210000","T":1756905445885,"m":false,"M":true},{"e":"trade","E":1756905445888,"s":"ETHUSDT","t":2813415461,"p":"4385.00000000","q":"0.51660000","T":1756905445885,"m":false,"M":true},{"e":"trade","E":1756905445888,"s":"ETHUSDT","t":2813415462,"p":"4385.00000000","q":"7.33970000","T":1756905445885,"m":false,"M":true},{"e":"trade","E":1756905445888,"s":"ETHUSDT","t":2813415463,"p":"4385.00000000","q":"1.24110000","T":1756905445885,"m":false,"M":true},{"e":"trade","E":1756905445888,"s":"ETHUSDT","t":2813415464,"p":"4385.00000000","q":"0.45920000","T":1756905445885,"m":false,"M":true},{"e":"trade","E":1756905445888,"s":"ETHUSDT","t":2813415465,"p":"4385.00000000","q":"0.43590000","T":1756905445885,"m":false,"M":true},{"e":"trade","E":1756905445888,"s":"ETHUSDT","t":2813415466,"p":"4385.00000000","q":"0.04800000","T":1756905445885,"m":false,"M":true},{"e":"trade","E":1756905445888,"s":"ETHUSDT","t":2813415467,"p":"4385.00000000","q":"0.99900000","T":1756905445885,"m":false,"M":true},{"e":"trade","E":1756905445888,"s":"ETHUSDT","t":2813415468,"p":"4385.00000000","q":"0.67560000","T":1756905445885,"m":false,"M":true},{"e":"trade","E":1756905445889,"s":"ETHUSDT","t":2813415469,"p":"4385.00000000","q":"0.32340000","T":1756905445885,"m":false,"M":true},{"e":"trade","E":1756905445889,"s":"ETHUSDT","t":2813415470,"p":"4385.00000000","q":"0.28870000","T":1756905445885,"m":false,"M":true},{"e":"trade","E":1756905445889,"s":"ETHUSDT","t":2813415471,"p":"4385.00000000","q":"0.05410000","T":1756905445885,"m":false,"M":true},{"e":"trade","E":1756905445889,"s":"ETHUSDT","t":2813415472,"p":"4385.00000000","q":"0.00130000","T":1756905445885,"m":false,"M":true},{"e":"trade","E":1756905445889,"s":"ETHUSDT","t":2813415473,"p":"4385.00000000","q":"0.03750000","T":1756905445885,"m":false,"M":true},{"e":"trade","E":1756905445889,"s":"ETHUSDT","t":2813415474,"p":"4385.00000000","q":"0.01140000","T":1756905445885,"m":false,"M":true},{"e":"trade","E":1756905445889,"s":"ETHUSDT","t":2813415475,"p":"4385.00000000","q":"0.00470000","T":1756905445885,"m":false,"M":true},{"e":"trade","E":1756905445889,"s":"ETHUSDT","t":2813415476,"p":"4385.00000000","q":"0.00250000","T":1756905445885,"m":false,"M":true},{"e":"trade","E":1756905445889,"s":"ETHUSDT","t":2813415477,"p":"4385.00000000","q":"0.57980000","T":1756905445885,"m":false,"M":true},{"e":"trade","E":1756905445889,"s":"ETHUSDT","t":2813415478,"p":"4385.00000000","q":"0.08300000","T":1756905445886,"m":false,"M":true},{"e":"trade","E":1756905445889,"s":"ETHUSDT","t":2813415479,"p":"4385.00000000","q":"0.16830000","T":1756905445886,"m":false,"M":true},{"e":"trade","E":1756905445889,"s":"ETHUSDT","t":2813415480,"p":"4385.00000000","q":"0.64270000","T":1756905445886,"m":false,"M":true},{"e":"trade","E":1756905445889,"s":"ETHUSDT","t":2813415481,"p":"4385.00000000","q":"0.13940000","T":1756905445886,"m":false,"M":true},{"e":"trade","E":1756905445889,"s":"ETHUSDT","t":2813415482,"p":"4385.00000000","q":"0.00230000","T":1756905445886,"m":false,"M":true},{"e":"trade","E":1756905445889,"s":"ETHUSDT","t":2813415483,"p":"4385.00000000","q":"0.00520000","T":1756905445886,"m":false,"M":true},{"e":"trade","E":1756905445889,"s":"ETHUSDT","t":2813415484,"p":"4385.00000000","q":"0.00210000","T":1756905445886,"m":false,"M":true},{"e":"trade","E":1756905445889,"s":"ETHUSDT","t":2813415485,"p":"4385.00000000","q":"1.38180000","T":1756905445886,"m":false,"M":true},{"e":"trade","E":1756905445890,"s":"ETHUSDT","t":2813415486,"p":"4385.00000000","q":"0.11410000","T":1756905445886,"m":false,"M":true},{"e":"trade","E":1756905445890,"s":"ETHUSDT","t":2813415487,"p":"4385.00000000","q":"0.00240000","T":1756905445886,"m":false,"M":true},{"e":"trade","E":1756905445890,"s":"ETHUSDT","t":2813415488,"p":"4385.00000000","q":"0.00920000","T":1756905445886,"m":false,"M":true},{"e":"trade","E":1756905445890,"s":"ETHUSDT","t":2813415489,"p":"4385.00000000","q":"0.06520000","T":1756905445886,"m":false,"M":true},{"e":"trade","E":1756905445890,"s":"ETHUSDT","t":2813415490,"p":"4385.00000000","q":"0.50060000","T":1756905445886,"m":false,"M":true},{"e":"trade","E":1756905445890,"s":"ETHUSDT","t":2813415491,"p":"4385.00000000","q":"0.11610000","T":1756905445886,"m":false,"M":true},{"e":"trade","E":1756905445890,"s":"ETHUSDT","t":2813415492,"p":"4385.00000000","q":"0.38330000","T":1756905445886,"m":false,"M":true},{"e":"trade","E":1756905445890,"s":"ETHUSDT","t":2813415493,"p":"4385.00000000","q":"0.00650000","T":1756905445886,"m":false,"M":true},{"e":"trade","E":1756905445890,"s":"ETHUSDT","t":2813415494,"p":"4385.00000000","q":"1.07080000","T":1756905445886,"m":false,"M":true},{"e":"trade","E":1756905445890,"s":"ETHUSDT","t":2813415495,"p":"4385.00000000","q":"0.14940000","T":1756905445886,"m":false,"M":true},{"e":"trade","E":1756905445890,"s":"ETHUSDT","t":2813415496,"p":"4385.00000000","q":"1.18240000","T":1756905445886,"m":false,"M":true},{"e":"trade","E":1756905445890,"s":"ETHUSDT","t":2813415497,"p":"4385.00000000","q":"4.78500000","T":1756905445886,"m":false,"M":true},{"e":"trade","E":1756905445890,"s":"ETHUSDT","t":2813415498,"p":"4385.00000000","q":"3.66500000","T":1756905445886,"m":false,"M":true},{"e":"trade","E":1756905445891,"s":"ETHUSDT","t":2813415499,"p":"4385.00000000","q":"0.40000000","T":1756905445886,"m":false,"M":true},{"e":"trade","E":1756905445891,"s":"ETHUSDT","t":2813415500,"p":"4385.00000000","q":"1.92800000","T":1756905445886,"m":false,"M":true},{"e":"trade","E":1756905445891,"s":"ETHUSDT","t":2813415501,"p":"4385.00000000","q":"0.76260000","T":1756905445886,"m":false,"M":true},{"e":"trade","E":1756905445891,"s":"ETHUSDT","t":2813415502,"p":"4385.00000000","q":"0.25360000","T":1756905445886,"m":false,"M":true},{"e":"trade","E":1756905445893,"s":"ETHUSDT","t":2813415503,"p":"4385.00000000","q":"0.80000000","T":1756905445888,"m":false,"M":true},{"e":"trade","E":1756905445896,"s":"ETHUSDT","t":2813415504,"p":"4385.00000000","q":"1.60000000","T":1756905445890,"m":false,"M":true},{"e":"trade","E":1756905445899,"s":"ETHUSDT","t":2813415505,"p":"4385.00000000","q":"3.20000000","T":1756905445891,"m":false,"M":true},{"e":"trade","E":1756905445902,"s":"ETHUSDT","t":2813415506,"p":"4385.00000000","q":"0.04550000","T":1756905445893,"m":false,"M":true},{"e":"trade","E":1756905445905,"s":"ETHUSDT","t":2813415507,"p":"4385.00000000","q":"0.45570000","T":1756905445894,"m":false,"M":true},{"e":"trade","E":1756905445906,"s":"ETHUSDT","t":2813415508,"p":"4385.00000000","q":"5.96230000","T":1756905445895,"m":false,"M":true},{"e":"trade","E":1756905445906,"s":"ETHUSDT","t":2813415509,"p":"4385.00000000","q":"0.04560000","T":1756905445895,"m":false,"M":true},{"e":"trade","E":1756905445906,"s":"ETHUSDT","t":2813415510,"p":"4385.00000000","q":"0.00200000","T":1756905445895,"m":false,"M":true},{"e":"trade","E":1756905445906,"s":"ETHUSDT","t":2813415511,"p":"4385.00000000","q":"0.27080000","T":1756905445895,"m":false,"M":true},{"e":"trade","E":1756905445906,"s":"ETHUSDT","t":2813415512,"p":"4385.00000000","q":"0.00120000","T":1756905445895,"m":false,"M":true},{"e":"trade","E":1756905445906,"s":"ETHUSDT","t":2813415513,"p":"4385.00000000","q":"0.00120000","T":1756905445895,"m":false,"M":true},{"e":"trade","E":1756905445906,"s":"ETHUSDT","t":2813415514,"p":"4385.00000000","q":"0.00120000","T":1756905445895,"m":false,"M":true},{"e":"trade","E":1756905445906,"s":"ETHUSDT","t":2813415515,"p":"4385.00000000","q":"0.00120000","T":1756905445895,"m":false,"M":true},{"e":"trade","E":1756905445906,"s":"ETHUSDT","t":2813415516,"p":"4385.00000000","q":"0.00120000","T":1756905445895,"m":false,"M":true},{"e":"trade","E":1756905445906,"s":"ETHUSDT","t":2813415517,"p":"4385.00000000","q":"0.00120000","T":1756905445895,"m":false,"M":true},{"e":"trade","E":1756905445906,"s":"ETHUSDT","t":2813415518,"p":"4385.00000000","q":"0.00120000","T":1756905445895,"m":false,"M":true},{"e":"trade","E":1756905445906,"s":"ETHUSDT","t":2813415519,"p":"4385.00000000","q":"0.00120000","T":1756905445895,"m":false,"M":true},{"e":"trade","E":1756905445906,"s":"ETHUSDT","t":2813415520,"p":"4385.00000000","q":"0.00120000","T":1756905445895,"m":false,"M":true},{"e":"trade","E":1756905445906,"s":"ETHUSDT","t":2813415521,"p":"4385.00000000","q":"0.00120000","T":1756905445895,"m":false,"M":true},{"e":"trade","E":1756905445906,"s":"ETHUSDT","t":2813415522,"p":"4385.00000000","q":"0.00120000","T":1756905445895,"m":false,"M":true},{"e":"trade","E":1756905445906,"s":"ETHUSDT","t":2813415523,"p":"4385.00000000","q":"0.00120000","T":1756905445895,"m":false,"M":true},{"e":"trade","E":1756905445906,"s":"ETHUSDT","t":2813415524,"p":"4385.00000000","q":"0.00120000","T":1756905445895,"m":false,"M":true},{"e":"trade","E":1756905445906,"s":"ETHUSDT","t":2813415525,"p":"4385.00000000","q":"0.00120000","T":1756905445895,"m":false,"M":true},{"e":"trade","E":1756905445906,"s":"ETHUSDT","t":2813415526,"p":"4385.00000000","q":"0.00120000","T":1756905445895,"m":false,"M":true},{"e":"trade","E":1756905445906,"s":"ETHUSDT","t":2813415527,"p":"4385.01000000","q":"0.11410000","T":1756905445895,"m":false,"M":true},{"e":"trade","E":1756905445906,"s":"ETHUSDT","t":2813415528,"p":"4385.01000000","q":"0.00120000","T":1756905445895,"m":false,"M":true},{"e":"trade","E":1756905445906,"s":"ETHUSDT","t":2813415529,"p":"4385.01000000","q":"0.00120000","T":1756905445895,"m":false,"M":true},{"e":"trade","E":1756905445906,"s":"ETHUSDT","t":2813415530,"p":"4385.01000000","q":"0.00120000","T":1756905445895,"m":false,"M":true},{"e":"trade","E":1756905445906,"s":"ETHUSDT","t":2813415531,"p":"4385.01000000","q":"0.00120000","T":1756905445895,"m":false,"M":true},{"e":"trade","E":1756905445906,"s":"ETHUSDT","t":2813415532,"p":"4385.01000000","q":"0.00120000","T":1756905445895,"m":false,"M":true},{"e":"trade","E":1756905445906,"s":"ETHUSDT","t":2813415533,"p":"4385.01000000","q":"0.00120000","T":1756905445895,"m":false,"M":true},{"e":"trade","E":1756905445906,"s":"ETHUSDT","t":2813415534,"p":"4385.01000000","q":"0.00120000","T":1756905445895,"m":false,"M":true},{"e":"trade","E":1756905445906,"s":"ETHUSDT","t":2813415535,"p":"4385.01000000","q":"0.00120000","T":1756905445895,"m":false,"M":true},{"e":"trade","E":1756905445906,"s":"ETHUSDT","t":2813415536,"p":"4385.01000000","q":"0.00120000","T":1756905445895,"m":false,"M":true},{"e":"trade","E":1756905445906,"s":"ETHUSDT","t":2813415537,"p":"4385.01000000","q":"0.00120000","T":1756905445895,"m":false,"M":true},{"e":"trade","E":1756905445906,"s":"ETHUSDT","t":2813415538,"p":"4385.01000000","q":"0.00120000","T":1756905445895,"m":false,"M":true},{"e":"trade","E":1756905445906,"s":"ETHUSDT","t":2813415539,"p":"4385.01000000","q":"0.00120000","T":1756905445895,"m":false,"M":true},{"e":"trade","E":1756905445906,"s":"ETHUSDT","t":2813415540,"p":"4385.01000000","q":"0.00130000","T":1756905445895,"m":false,"M":true},{"e":"trade","E":1756905445906,"s":"ETHUSDT","t":2813415541,"p":"4385.02000000","q":"0.00120000","T":1756905445895,"m":false,"M":true},{"e":"trade","E":1756905445906,"s":"ETHUSDT","t":2813415542,"p":"4385.02000000","q":"0.00120000","T":1756905445895,"m":false,"M":true},{"e":"trade","E":1756905445906,"s":"ETHUSDT","t":2813415543,"p":"4385.02000000","q":"0.00120000","T":1756905445895,"m":false,"M":true},{"e":"trade","E":1756905445921,"s":"ETHUSDT","t":2813415544,"p":"4385.03000000","q":"0.00120000","T":1756905445907,"m":false,"M":true},{"e":"trade","E":1756905445921,"s":"ETHUSDT","t":2813415545,"p":"4385.03000000","q":"0.00120000","T":1756905445907,"m":false,"M":true},{"e":"trade","E":1756905445921,"s":"ETHUSDT","t":2813415546,"p":"4385.03000000","q":"0.00130000","T":1756905445907,"m":false,"M":true},{"e":"trade","E":1756905445921,"s":"ETHUSDT","t":2813415547,"p":"4385.03000000","q":"0.00120000","T":1756905445907,"m":false,"M":true},{"e":"trade","E":1756905445921,"s":"ETHUSDT","t":2813415548,"p":"4385.03000000","q":"0.00120000","T":1756905445907,"m":false,"M":true},{"e":"trade","E":1756905445921,"s":"ETHUSDT","t":2813415549,"p":"4385.03000000","q":"0.00120000","T":1756905445907,"m":false,"M":true},{"e":"trade","E":1756905445921,"s":"ETHUSDT","t":2813415550,"p":"4385.03000000","q":"0.00120000","T":1756905445907,"m":false,"M":true},{"e":"trade","E":1756905445921,"s":"ETHUSDT","t":2813415551,"p":"4385.03000000","q":"0.00120000","T":1756905445907,"m":false,"M":true},{"e":"trade","E":1756905445921,"s":"ETHUSDT","t":2813415552,"p":"4385.03000000","q":"0.00120000","T":1756905445907,"m":false,"M":true},{"e":"trade","E":1756905445921,"s":"ETHUSDT","t":2813415553,"p":"4385.03000000","q":"0.00120000","T":1756905445907,"m":false,"M":true},{"e":"trade","E":1756905445921,"s":"ETHUSDT","t":2813415554,"p":"4385.03000000","q":"0.00120000","T":1756905445907,"m":false,"M":true},{"e":"trade","E":1756905445921,"s":"ETHUSDT","t":2813415555,"p":"4385.04000000","q":"0.00130000","T":1756905445907,"m":false,"M":true},{"e":"trade","E":1756905445921,"s":"ETHUSDT","t":2813415556,"p":"4385.04000000","q":"0.00180000","T":1756905445907,"m":false,"M":true},{"e":"trade","E":1756905445921,"s":"ETHUSDT","t":2813415557,"p":"4385.04000000","q":"0.00120000","T":1756905445907,"m":false,"M":true},{"e":"trade","E":1756905445921,"s":"ETHUSDT","t":2813415558,"p":"4385.04000000","q":"0.00120000","T":1756905445907,"m":false,"M":true},{"e":"trade","E":1756905445921,"s":"ETHUSDT","t":2813415559,"p":"4385.04000000","q":"0.00130000","T":1756905445907,"m":false,"M":true},{"e":"trade","E":1756905445921,"s":"ETHUSDT","t":2813415560,"p":"4385.04000000","q":"0.00120000","T":1756905445907,"m":false,"M":true},{"e":"trade","E":1756905445921,"s":"ETHUSDT","t":2813415561,"p":"4385.04000000","q":"0.00120000","T":1756905445907,"m":false,"M":true},{"e":"trade","E":1756905445921,"s":"ETHUSDT","t":2813415562,"p":"4385.04000000","q":"0.00120000","T":1756905445907,"m":false,"M":true},{"e":"trade","E":1756905445921,"s":"ETHUSDT","t":2813415563,"p":"4385.04000000","q":"0.00120000","T":1756905445907,"m":false,"M":true},{"e":"trade","E":1756905445921,"s":"ETHUSDT","t":2813415564,"p":"4385.04000000","q":"0.00120000","T":1756905445907,"m":false,"M":true},{"e":"trade","E":1756905445921,"s":"ETHUSDT","t":2813415565,"p":"4385.04000000","q":"0.00120000","T":1756905445907,"m":false,"M":true},{"e":"trade","E":1756905445921,"s":"ETHUSDT","t":2813415566,"p":"4385.04000000","q":"0.00120000","T":1756905445907,"m":false,"M":true},{"e":"trade","E":1756905445921,"s":"ETHUSDT","t":2813415567,"p":"4385.04000000","q":"0.00120000","T":1756905445907,"m":false,"M":true},{"e":"trade","E":1756905445921,"s":"ETHUSDT","t":2813415568,"p":"4385.04000000","q":"0.00120000","T":1756905445907,"m":false,"M":true},{"e":"trade","E":1756905445921,"s":"ETHUSDT","t":2813415569,"p":"4385.05000000","q":"0.03850000","T":1756905445907,"m":false,"M":true},{"e":"trade","E":1756905445921,"s":"ETHUSDT","t":2813415570,"p":"4385.05000000","q":"0.16920000","T":1756905445907,"m":false,"M":true},{"e":"trade","E":1756905445921,"s":"ETHUSDT","t":2813415571,"p":"4385.05000000","q":"0.00130000","T":1756905445907,"m":false,"M":true},{"e":"trade","E":1756905445932,"s":"ETHUSDT","t":2813415572,"p":"4385.06000000","q":"0.01370000","T":1756905445923,"m":false,"M":true},{"e":"trade","E":1756905445932,"s":"ETHUSDT","t":2813415573,"p":"4385.06000000","q":"0.00140000","T":1756905445923,"m":false,"M":true},{"e":"trade","E":1756905445932,"s":"ETHUSDT","t":2813415574,"p":"4385.06000000","q":"0.00130000","T":1756905445923,"m":false,"M":true},{"e":"trade","E":1756905445932,"s":"ETHUSDT","t":2813415575,"p":"4385.06000000","q":"0.00120000","T":1756905445923,"m":false,"M":true},{"e":"trade","E":1756905445932,"s":"ETHUSDT","t":2813415576,"p":"4385.06000000","q":"0.00120000","T":1756905445923,"m":false,"M":true},{"e":"trade","E":1756905445932,"s":"ETHUSDT","t":2813415577,"p":"4385.06000000","q":"0.00120000","T":1756905445923,"m":false,"M":true},{"e":"trade","E":1756905445932,"s":"ETHUSDT","t":2813415578,"p":"4385.06000000","q":"0.00120000","T":1756905445923,"m":false,"M":true},{"e":"trade","E":1756905445932,"s":"ETHUSDT","t":2813415579,"p":"4385.06000000","q":"0.00120000","T":1756905445923,"m":false,"M":true},{"e":"trade","E":1756905445932,"s":"ETHUSDT","t":2813415580,"p":"4385.06000000","q":"0.00120000","T":1756905445923,"m":false,"M":true},{"e":"trade","E":1756905445932,"s":"ETHUSDT","t":2813415581,"p":"4385.08000000","q":"0.00130000","T":1756905445923,"m":false,"M":true},{"e":"trade","E":1756905445933,"s":"ETHUSDT","t":2813415582,"p":"4385.09000000","q":"0.01160000","T":1756905445924,"m":false,"M":true},{"e":"trade","E":1756905445933,"s":"ETHUSDT","t":2813415583,"p":"4385.09000000","q":"0.00130000","T":1756905445924,"m":false,"M":true},{"e":"trade","E":1756905445933,"s":"ETHUSDT","t":2813415584,"p":"4385.10000000","q":"0.00250000","T":1756905445924,"m":false,"M":true},{"e":"trade","E":1756905445933,"s":"ETHUSDT","t":2813415585,"p":"4385.10000000","q":"0.00130000","T":1756905445924,"m":false,"M":true},{"e":"trade","E":1756905445943,"s":"ETHUSDT","t":2813415586,"p":"4385.12000000","q":"0.00200000","T":1756905445937,"m":false,"M":true},{"e":"trade","E":1756905445943,"s":"ETHUSDT","t":2813415587,"p":"4385.12000000","q":"0.00150000","T":1756905445937,"m":false,"M":true},{"e":"trade","E":1756905445943,"s":"ETHUSDT","t":2813415588,"p":"4385.12000000","q":"0.02290000","T":1756905445937,"m":false,"M":true},{"e":"trade","E":1756905445943,"s":"ETHUSDT","t":2813415589,"p":"4385.12000000","q":"0.00130000","T":1756905445937,"m":false,"M":true},{"e":"trade","E":1756905445943,"s":"ETHUSDT","t":2813415590,"p":"4385.12000000","q":"0.00120000","T":1756905445937,"m":false,"M":true},{"e":"trade","E":1756905445943,"s":"ETHUSDT","t":2813415591,"p":"4385.12000000","q":"0.00120000","T":1756905445937,"m":false,"M":true},{"e":"trade","E":1756905445943,"s":"ETHUSDT","t":2813415592,"p":"4385.12000000","q":"0.00120000","T":1756905445937,"m":false,"M":true},{"e":"trade","E":1756905445943,"s":"ETHUSDT","t":2813415593,"p":"4385.12000000","q":"0.00120000","T":1756905445937,"m":false,"M":true},{"e":"trade","E":1756905445943,"s":"ETHUSDT","t":2813415594,"p":"4385.12000000","q":"0.00120000","T":1756905445937,"m":false,"M":true},{"e":"trade","E":1756905445943,"s":"ETHUSDT","t":2813415595,"p":"4385.12000000","q":"0.00120000","T":1756905445937,"m":false,"M":true},{"e":"trade","E":1756905445943,"s":"ETHUSDT","t":2813415596,"p":"4385.12000000","q":"0.00120000","T":1756905445937,"m":false,"M":true},{"e":"trade","E":1756905445943,"s":"ETHUSDT","t":2813415597,"p":"4385.12000000","q":"0.00120000","T":1756905445937,"m":false,"M":true},{"e":"trade","E":1756905445943,"s":"ETHUSDT","t":2813415598,"p":"4385.12000000","q":"0.00120000","T":1756905445937,"m":false,"M":true},{"e":"trade","E":1756905445943,"s":"ETHUSDT","t":2813415599,"p":"4385.12000000","q":"0.00120000","T":1756905445937,"m":false,"M":true},{"e":"trade","E":1756905445943,"s":"ETHUSDT","t":2813415600,"p":"4385.13000000","q":"0.00120000","T":1756905445937,"m":false,"M":true},{"e":"trade","E":1756905445943,"s":"ETHUSDT","t":2813415601,"p":"4385.13000000","q":"0.00120000","T":1756905445937,"m":false,"M":true},{"e":"trade","E":1756905445943,"s":"ETHUSDT","t":2813415602,"p":"4385.13000000","q":"0.00120000","T":1756905445937,"m":false,"M":true},{"e":"trade","E":1756905445943,"s":"ETHUSDT","t":2813415603,"p":"4385.13000000","q":"0.00120000","T":1756905445937,"m":false,"M":true},{"e":"trade","E":1756905445943,"s":"ETHUSDT","t":2813415604,"p":"4385.13000000","q":"0.00110000","T":1756905445937,"m":false,"M":true},{"e":"trade","E":1756905445944,"s":"ETHUSDT","t":2813415605,"p":"4385.11000000","q":"0.00750000","T":1756905445938,"m":true,"M":true},{"e":"trade","E":1756905446099,"s":"ETHUSDT","t":2813415606,"p":"4385.11000000","q":"0.05000000","T":1756905446099,"m":true,"M":true},{"e":"trade","E":1756905446505,"s":"ETHUSDT","t":2813415607,"p":"4385.12000000","q":"0.02300000","T":1756905446504,"m":false,"M":true},{"e":"trade","E":1756905446731,"s":"ETHUSDT","t":2813415608,"p":"4385.12000000","q":"0.14870000","T":1756905446730,"m":false,"M":true},{"e":"trade","E":1756905446796,"s":"ETHUSDT","t":2813415609,"p":"4385.12000000","q":"0.80000000","T":1756905446795,"m":false,"M":true},{"e":"trade","E":1756905446796,"s":"ETHUSDT","t":2813415610,"p":"4385.12000000","q":"0.90550000","T":1756905446795,"m":false,"M":true},{"e":"trade","E":1756905446796,"s":"ETHUSDT","t":2813415611,"p":"4385.12000000","q":"0.00120000","T":1756905446795,"m":false,"M":true},{"e":"trade","E":1756905446796,"s":"ETHUSDT","t":2813415612,"p":"4385.12000000","q":"0.00120000","T":1756905446795,"m":false,"M":true},{"e":"trade","E":1756905446796,"s":"ETHUSDT","t":2813415613,"p":"4385.12000000","q":"0.00130000","T":1756905446795,"m":false,"M":true},{"e":"trade","E":1756905446796,"s":"ETHUSDT","t":2813415614,"p":"4385.12000000","q":"0.00120000","T":1756905446795,"m":false,"M":true},{"e":"trade","E":1756905446796,"s":"ETHUSDT","t":2813415615,"p":"4385.12000000","q":"0.68960000","T":1756905446795,"m":false,"M":true},{"e":"trade","E":1756905446796,"s":"ETHUSDT","t":2813415616,"p":"4385.12000000","q":"0.40000000","T":1756905446795,"m":false,"M":true},{"e":"trade","E":1756905446797,"s":"ETHUSDT","t":2813415617,"p":"4385.12000000","q":"3.20000000","T":1756905446796,"m":false,"M":true},{"e":"trade","E":1756905446797,"s":"ETHUSDT","t":2813415618,"p":"4385.12000000","q":"2.50000000","T":1756905446796,"m":false,"M":true},{"e":"trade","E":1756905446798,"s":"ETHUSDT","t":2813415619,"p":"4385.12000000","q":"0.00720000","T":1756905446796,"m":false,"M":true},{"e":"trade","E":1756905446798,"s":"ETHUSDT","t":2813415620,"p":"4385.12000000","q":"0.00120000","T":1756905446796,"m":false,"M":true},{"e":"trade","E":1756905446798,"s":"ETHUSDT","t":2813415621,"p":"4385.12000000","q":"0.00120000","T":1756905446796,"m":false,"M":true},{"e":"trade","E":1756905446798,"s":"ETHUSDT","t":2813415622,"p":"4385.12000000","q":"0.00120000","T":1756905446796,"m":false,"M":true},{"e":"trade","E":1756905446798,"s":"ETHUSDT","t":2813415623,"p":"4385.12000000","q":"0.11510000","T":1756905446796,"m":false,"M":true},{"e":"trade","E":1756905446798,"s":"ETHUSDT","t":2813415624,"p":"4385.12000000","q":"0.00600000","T":1756905446796,"m":false,"M":true},{"e":"trade","E":1756905446798,"s":"ETHUSDT","t":2813415625,"p":"4385.12000000","q":"0.00120000","T":1756905446796,"m":false,"M":true},{"e":"trade","E":1756905446798,"s":"ETHUSDT","t":2813415626,"p":"4385.12000000","q":"0.00120000","T":1756905446796,"m":false,"M":true},{"e":"trade","E":1756905446798,"s":"ETHUSDT","t":2813415627,"p":"4385.12000000","q":"0.00120000","T":1756905446796,"m":false,"M":true},{"e":"trade","E":1756905446798,"s":"ETHUSDT","t":2813415628,"p":"4385.12000000","q":"0.00120000","T":1756905446796,"m":false,"M":true},{"e":"trade","E":1756905446798,"s":"ETHUSDT","t":2813415629,"p":"4385.12000000","q":"0.00120000","T":1756905446796,"m":false,"M":true},{"e":"trade","E":1756905446798,"s":"ETHUSDT","t":2813415630,"p":"4385.12000000","q":"0.00120000","T":1756905446796,"m":false,"M":true},{"e":"trade","E":1756905446798,"s":"ETHUSDT","t":2813415631,"p":"4385.12000000","q":"0.05060000","T":1756905446796,"m":false,"M":true},{"e":"trade","E":1756905446798,"s":"ETHUSDT","t":2813415632,"p":"4385.12000000","q":"0.02130000","T":1756905446796,"m":false,"M":true},{"e":"trade","E":1756905446798,"s":"ETHUSDT","t":2813415633,"p":"4385.12000000","q":"0.00120000","T":1756905446796,"m":false,"M":true},{"e":"trade","E":1756905446798,"s":"ETHUSDT","t":2813415634,"p":"4385.12000000","q":"0.00120000","T":1756905446796,"m":false,"M":true},{"e":"trade","E":1756905446798,"s":"ETHUSDT","t":2813415635,"p":"4385.13000000","q":"0.00120000","T":1756905446796,"m":false,"M":true},{"e":"trade","E":1756905446798,"s":"ETHUSDT","t":2813415636,"p":"4385.13000000","q":"0.00120000","T":1756905446796,"m":false,"M":true}